2588 4702
266 228 284 321 j
407 208 644 345 cunano
679 210 857 295 vomo.
1003 224 1009 235 ··
1088 236 1162 322 ³59

92 398 149 495 ,οδ
173 416 258 472 eam
287 392 399 489 ipsam
430 391 634 484 virtutem,
665 393 704 468 in
728 394 893 473 febribus
921 394 1032 475 etiam
1060 398 1162 483 illam

92 493 339 581 commendat
364 491 699 597 intermittentibus
742 488 778 584 ).

91 628 107 677 Ι·
1079 624 1093 653 0

91 736 109 767 r·
196 710 233 786 7.
268 689 432 765 Tartarus
449 690 638 778 Emeticur,
671 691 1160 776 coenomanensem

97 796 180 893 μω
199 788 374 864 Auratum
399 790 610 878 Antimonii,
641 801 683 861 ut
714 809 842 864 natura
868 812 993 882 parum
1030 793 1161 869 discre-

170 888 224 962 tia
261 885 490 978 vomitorio,
531 887 641 960 etiam
674 887 877 978 promiscue
904 888 960 962 hir
986 889 1025 965 in
1049 893 1162 968 febri·
1195 900 1198 905 ‘

91 912 169 1069 im
199 986 430 1079 usurpantur.
501 986 623 1061 Priora
662 998 785 1061 tamen
821 990 919 1076 bina,
958 989 995 1063 in
1026 992 1161 1069 mixtu·

91 1076 150 1183 itt
166 1082 299 1178 aquosa
326 1083 371 1157 ad
405 1104 514 1178 grana
544 1098 731 1176 quatuor,
770 1084 928 1158 Medicis
961 1087 1161 1181 praesertim

91 1180 263 1263 initient
300 1179 480 1270 Gallicis,
527 1181 630 1276 aegris
675 1181 910 1274 propinanda.
990 1187 1162 1278 Posterius
1269 1264 1273 1271 ,

90 1282 218 1369 Μαι
236 1278 466 1376 prosequitur
484 1280 590 1353 laude
621 1276 682 1355 Fr.
703 1277 907 1374 Hoffmann,
937 1280 974 1356 in
995 1283 1160 1362 febribus

108 1378 286 1475 precipue
315 1378 584 1452 autumnalibus
609 1377 789 1451 diuturnis
805 1368 858 1467 r).
917 1378 1040 1473 Alias,
1067 1397 1161 1459 tam.

171 1501 207 1552 m
235 1472 467 1571 specfficum,
503 1496 584 1549 cum
613 1473 683 1549 saie
714 1473 838 1547 medio
868 1488 1160 1573 temperarunt

90 1498 282 1811 §timulo
303 1574 348 1648 ad
368 1571 611 1667 Drachmam,
638 1571 792 1650 effertur
806 1563 859 1667 s).
1120 1572 1123 1579 ’

534 1786 569 1878 §-
593 1752 596 1757 ’
619 1779 725 1861 vm.

198 1934 352 2012 Enetico
362 1936 436 2029 iam
455 1933 585 2008 ordine
603 1933 789 2026 excipiunt
808 1935 1058 2028 ewremodio,
1083 1956 1163 2034 que

104 2054 174 2129 -pet
195 2034 319 2109 nouus
343 2045 523 2108 evacuant
553 2031 736 2119 salivales‚
761 2030 1083 2108 SALIVANTIA
1109 2039 1163 2110 di·

119 2129 171 2205 &a
195 2129 561 2207 MERCURIALIA.
629 2125 803 2204 Rariiiimi
837 2142 961 2202 tamen
997 2133 1164 2213 omnium

89 2224 193 2304 *hue
209 2229 275 2304 eiie
302 2229 406 2322 usus,
437 2250 504 2324 pro
531 2229 587 2303 his
614 2228 780 2302 curandis
805 2226 965 2314 morbis,
993 2229 1162 2324 profiteri

118 2426 150 2502 S.
174 2422 388 2516 Scirtari),
422 2424 547 2499 eadem
573 2439 614 2498 ut
638 2422 803 2518 proficua
829 2424 867 2499 in
892 2426 1164 2506 nominatarum

148 2523 264 2598 brium
289 2523 502 2612 curatione,
527 2520 785 2598 commendare
802 2525 986 2601 noverim.
1038 2527 1164 2621 Quem

102 2698 106 2705 ,
175 2644 200 2696 o
221 2622 300 2696 haee
328 2620 565 2696 medicamina
592 2619 758 2716 prestent
779 2621 878 2695 usum
904 2622 959 2696 hir
983 2622 1020 2695 in
1042 2624 1163 2716 malie,

89 2718 195 2796 *mihi
226 2742 304 2796 non
331 2718 492 2815 contigit
530 2720 657 2793 videre
688 2717 764 2793 sors
792 2719 960 2811 beatior,
998 2741 1040 2794 ac
1068 2722 1165 2798 Dato

146 2825 223 2914 etit,
247 2818 310 2914 qui
334 2817 535 2897 eorundem
562 2818 675 2892 etiam
697 2816 737 2892 in
761 2816 909 2894 dubium
935 2832 1050 2893 vocat
1073 2841 1164 2914 prae·

817 2950 821 2955 ·
1070 2917 1165 2994 stan·

89 2320 196 2743 ξι
218 2343 394 2424 oportet,
431 2340 474 2401 ut
497 2327 702 2417 neminem,
732 2340 863 2421 praeter
896 2325 955 2401 Th.
987 2330 1167 2423 Writstr

121 3147 181 3235 pq)
201 3140 356 3212 Medicine
372 3142 514 3236 Vegetale
528 3154 581 3213 prr
600 3132 720 3198 Bucboz
740 3153 771 3211 p.
781 3143 850 3277 281.
891 3134 993 3216 Lange
1011 3149 1077 3209 pag.
1091 3143 1165 3228 1395

210 3243 281 3298 120·
334 3226 367 3290 in
397 3225 506 3284 itinere
532 3219 593 3280 Suo
627 3214 812 3295 Vestrogot.
842 3232 873 3292 p.
895 3221 965 3282 180.
1025 3211 1164 3282 Notum.

208 3303 314 3384 Proser
339 3308 425 3366 eriam
455 3298 545 3364 refert
574 3302 702 3373 multas,
738 3297 824 3375 huiur
852 3297 964 3374 plenta
995 3294 1165 3391 decoetum,

209 3387 297 3468 egiiie
317 3387 394 3452 febr.
413 3388 530 3448 interm.
550 3382 730 3442 curationes.

148 3497 186 3582 r)
206 3501 238 3559 in
266 3495 356 3556 Notis
383 3492 420 3553 ad
449 3488 560 3552 Poterii
589 3487 741 3554 Pharmrc.
769 3486 884 3563 spagit.
919 3500 949 3560 p.
968 3486 1038 3562 560·
1098 3481 1177 3549 Cirr

213 3569 355 3655 Weribof
370 3575 408 3635 de
425 3571 542 3631 Febrib.
567 3586 596 3644 p.
605 3586 658 3650 ῃ.
678 3571 708 3628 ln
728 3582 793 3634 aot.
810 3566 862 3641 b).
922 3627 925 3633 ,

153 3683 180 3761 r)
200 3686 229 3766 J.
249 3683 281 3744 t.
304 3681 412 3765 Sebop
431 3677 576 3739 Differtrt.
597 3677 634 3738 de
653 3674 800 3751 sulphure
819 3670 849 3735 δι
871 3671 982 3740 remed.
1002 3644 1038 3733 err
1058 3672 1165 3736 eodem
1254 3742 1259 3749 ‚

211 3766 314 3831 uariis.
389 3760 515 3844 typhiso.
547 3769 629 3838 εγω.
662 3774 669 3789 ·
700 3776 704 3781 ·

157 3871 183 3949 i)
200 3871 348 3934 Differrar.
376 3871 412 3927 de
437 3865 628 3927 salivationis
650 3863 703 3924 usu
726 3863 756 3922 in
780 3861 931 3942 Qurrtana
966 3875 1056 3941 ¹743·
1105 3862 1164 3923 Hie
1255 3858 1258 3863 '

213 3957 298 4014 etiam
317 3949 520 4027 adiungendus
529 3947 570 4006 est
581 3947 719 4007 Medicus
733 3941 915 4020 Pariieuiir,
932 3945 1063 4006 nominis
1077 3940 1164 4009 Baii-

214 4021 823 4153 ioustu‘iiitoliuodrsspidmraio·
913 4088 916 4093 ,
964 4053 968 4059 ·
