2588 4702
322 110 535 195 coarnx
574 70 916 200 rnnuvrauue
1099 138 1151 225 ,ς

78 293 203 388 ntia,
223 297 296 371 vel
318 297 443 372 cordia
467 296 589 393 ipsrua,
612 297 696 373 heic
722 297 839 385 acffluc
859 318 938 372 non
961 298 1033 374 erit
1049 300 1148 379 decl·

10 390 20 440 Ι
73 392 256 471 undum.
308 394 411 470 Alias
434 396 549 471 nullae
570 397 606 471 in
630 395 832 470 ustionibus
855 395 1083 490 animalibus,
1104 400 1147 481 in

64 492 312 569 nturalssrm
335 514 427 568 vero
454 494 561 588 plane
586 494 723 583 nullan,
747 507 904 587 excepto
932 493 1014 568 viro
1041 498 1146 591 quiu-

65 590 332 689 monario,
367 592 512 685 experti
544 591 680 667 fuimus
712 589 949 666 mutationes.
999 591 1146 673 Diebur

63 698 199 767 meu
251 689 363 763 uibus
388 688 634 780 ass'umfimua,
663 711 733 763 nec
760 710 836 763 non
856 711 922 783 per
942 694 1144 769 nonnulloa

62 786 156 863 'diea
172 712 284 883 poa,
311 786 488 880 majorem
516 787 663 861 roboria
697 785 866 884 gradum,
897 787 1143 867 funilionum·

10 948 15 971 ,
169 886 427 977 alacritatem,
452 906 522 960 nos
551 885 770 960 consecutos
798 884 900 959 iuilse
931 886 1139 971 videbatur.

10 992 42 1051 ε·
211 983 232 1079 j
265 981 397 1057 deinde
415 980 577 1082 Corticia
602 1005 674 1081 ego
694 982 836 1058 unciam
863 1005 988 1074 unam,
1012 984 1047 1058 dr
1068 987 1140 1063 fra·

78 1092 235 1173 mune,
258 1080 384 1158 dimid.
406 1080 572 1175 quotidie
603 1103 667 1177 per
690 1083 889 1156 nonnullos
913 1082 989 1155 dies
1014 1082 1140 1161 aslum·

72 1178 205 1275 snut,
232 1178 336 1253 unde
358 1180 484 1254 omnia
505 1178 607 1273 supra
627 1178 736 1253 ditias
753 1179 969 1270 commoda,
1003 1184 1139 1261 nullam

71 1284 167 1353 sero
181 1274 467 1353 observavimus
485 1276 697 1353 molestiam.
748 1274 916 1351 Extraiia
931 1277 1034 1352 simili
1056 1300 1142 1354 mo·

10 1418 15 1471 ι
67 1374 118 1451 do
146 1388 219 1471 pel·
253 1372 420 1449 diversor
451 1374 527 1450 dies
562 1374 726 1468 quotidie
752 1395 771 1468 3
797 1374 938 1449 vicibus
975 1376 1138 1472 adhibui,

10 1486 13 1535 ἓ
66 1472 193 1569 primo
228 1472 277 1547 ad
308 1471 472 1570 gr.X11.
511 1470 637 1567 postea
664 1495 717 1570 gr.
745 1472 824 1546 XX.
858 1474 903 1546 ab
934 1472 1137 1569 iisdemque

69 1592 234 1743 emper,
264 1570 635 1743 ,(1ιέῗῖωᾶἷῦεέἽᾶῗῇ
672 1570 836 1743 ᾳμῗωνὲε
862 1572 993 1744 ιηίξὸζή
1022 1574 1136 1746 ςᾶεάα

10 1784 14 1793 ·
72 1686 894 1941 {¹31ssngeelgvsattiosremgffissuepaarugm
916 1692 1136 1867 sensbilgnni,

312 1885 382 1960 pro
409 1886 503 1940 um.

525 2077 561 2168 ς.
600 2070 683 2148 xv.

165 2220 209 2311 sn
232 2223 384 2323 egrotis
409 2222 610 2317 precipue,
635 2222 694 2318 qui
714 2222 903 2319 preterito
923 2241 1038 2316 anno,
1063 2222 1133 2302 ini·

75 2320 129 2399 tio
149 2322 343 2409 autumni,
367 2321 469 2395 febre
496 2321 655 2397 tertiana
681 2322 882 2416 epidemica
900 2321 1131 2417 laborabant,

22 2416 31 2425 “
75 2418 267 2517 sequenter
300 2418 496 2495 observavi
527 2418 609 2515 post
640 2418 740 2495 usum
772 2419 922 2515 chine,
954 2422 1132 2498 mutatio·

26 2632 41 2643 ⁸
167 2638 216 2737 1)
241 2641 432 2737 Inpulsu,
461 2642 649 2716 numerum
676 2638 839 2735 pulsuum
868 2637 1043 2733 diminui,
1067 2661 1130 2719 ro·

70 2742 135 2821 bur
152 2764 254 2819 vero
279 2762 406 2815 eorum
432 2740 545 2836 magis
572 2740 707 2836 augeri.
742 2736 850 2814 ·Cum
880 2738 977 2814 enim
1002 2760 1130 2814 nume-

10 2844 14 2849 ’
72 2862 184 2917 tarem
212 2839 278 2916 sub
303 2839 442 2936 frigore
471 2837 584 2912 febris
618 2836 839 2932 pulsationes
872 2835 910 2908 in
941 2837 1127 2913 nonnullis

10 2935 569 3129 333¹¹¹12³<¹3³ia¹qi0lai⁰1⁶25
587 2933 1130 3125 llallllllllllllvr
1233 2970 1237 2979 “

10 3124 16 3161 ¹
70 3134 127 3209 dio
143 3086 225 3211 'seu
253 3145 421 3227 tempore
450 3084 608 3220 criseo’s,
633 3127 836 3224 principio,
861 3126 962 3223 supra
994 3127 1130 3207 dietum

69 3252 257 3317 numerum
288 3231 414 3323 hunc,
452 3229 511 3324 qui
544 3245 668 3303 tamen
707 3226 1134 3325 succeffive‚decrevit,

69 3328 188 3405 donee
209 3327 445 3424 paroxysmus
464 3351 532 3422 90,
556 3332 605 3421 96
628 3338 707 3405 erat
732 3323 878 3415 finitus3
913 3323 1039 3400 diebus
1060 3346 1127 3399 ve·

71 3446 111 3501 ro
136 3425 416 3503 intercalaribus
440 3425 531 3500 bora
561 3422 641 3519 post
672 3444 822 3498 omnem
853 3422 936 3499 leni
964 3423 1126 3499 calorem

66 3526 133 3616 iarn
160 3522 346 3617 annisum,
376 3545 447 3620 90,
470 3523 547 3597 aliis
564 3526 801 3618 94·96·98,
831 3542 915 3595 raro
952 3533 1125 3613 centump

10 3632 23 3686 l
70 3622 146 3717 post
158 3621 315 3696 Chinaru
334 3642 428 3693 vero
452 3619 658 3711 allumtam,
684 3624 757 3710 65,
781 3627 989 3712 70·76·80
1017 3618 1126 3694 &ra-

10 3736 18 3775 r
73 3740 113 3791 ro
132 3744 182 3817 90
202 3717 444 3814 pulsationes:
467 3731 591 3812 patet,
618 3730 752 3811 quanta
768 3715 880 3791 fuerit
897 3716 1055 3790 mutatio
1083 3720 1124 3791 in

77 3819 181 3894 corde
210 3817 492 3912 arteriarumque
519 3814 710 3911 systemate
741 3835 808 3910 per
831 3814 1024 3983 corticemd
1036 3834 1124 3985 ρξτὶὲ·

10 3930 22 3979 ⁵
1026 3930 1049 3984 u
1105 3965 1117 3991 .
1175 3964 1183 3979 ,
