2602 4702
198 279 244 364 n
275 213 648 350 ‘commetitur
670 265 1202 350 mammen-namen
1245 212 1248 217 ’

193 436 199 445 ’
485 462 974 547 connnacrunn.
1114 556 1118 561 ,
1290 416 1293 423 ’

297 613 497 694 Nonnullis
519 619 593 691 boc
616 617 655 692 in
680 616 814 691 morbo
838 615 990 691 utilitati
1016 616 1088 691 fnit
1111 611 1251 692 eleari·

198 711 315 805 citat,
337 730 381 789 ut
396 715 492 791 haud
514 715 661 813 indigna
675 714 740 800 nt,
765 715 867 806 cujus
888 716 1087 808 periculum
1112 713 1251 788 faciant

197 811 298 910 agri.
352 814 543 910 Quendam
575 814 673 888 enim
705 811 863 887 vidimus
888 833 953 906 per
980 813 1099 907 plures
1132 832 1251 893 annos

198 929 223 981 a
237 910 387 987 materia
409 911 599 991 catarrhali
625 909 796 988 membris
825 922 992 1003 captum,
1020 907 1084 984 usu
1101 908 1252 987 tandem

198 1005 420 1088 assurrexisse
438 1007 707 1098 clodoiciratim
734 1007 924 1100 &aliquot
942 1009 1073 1085 baculo
1087 1009 1169 1102 q’am
1189 1005 1253 1084 diu
1274 998 1280 1025 ¹

198 1098 443 1184 innitentibus
488 1106 773 1191 ambulationem
817 1102 1069 1199 conspeximus
1108 1101 1253 1183 restitu·

198 1214 297 1280 mma
322 1204 458 1296 immo,
485 1203 615 1280 mirum
639 1202 760 1289 ditat,
793 1201 900 1279 semel
928 1202 1054 1279 videre
1080 1202 1185 1276 licuit
1212 1201 1252 1279 in

197 1300 431 1381 contraeunt
450 1301 601 1398 quadam
616 1323 711 1397 genu
727 1299 951 1376 rheumatica
963 1302 1039 1392 jam
1053 1301 1252 1396 quinquen·
1270 1310 1276 1317 ·

199 1396 263 1482 ni,
286 1398 508 1488 membrum,
538 1400 595 1475 bia
619 1412 763 1478 tantum
777 1394 1012 1475 etemieitate
1034 1397 1249 1492 perculsum.

198 1493 248 1569 ad
272 1495 423 1591 spatium
441 1497 549 1574 unior
572 1497 699 1593 palmae
722 1493 950 1589 explicatum.
1003 1495 1048 1572 In
1066 1496 1274 1593 pravitate

199 1610 298 1668 vero
320 1593 389 1674 hac
405 1595 639 1672 articulorum
655 1592 812 1670 curanda
827 1614 996 1686 perquam
1017 1592 1251 1672 necessarium
1291 1648 1293 1660 .

201 1689 269 1781 est,
288 1687 483 1790 diligenter
503 1691 690 1786 exquirere
709 1702 833 1767 motus
853 1691 1005 1766 membri
1021 1688 1248 1781 deficienter,
1292 1724 1293 1760 l

130 1839 137 1853 ·
200 1798 246 1863 ut
270 1788 448 1885 patescat,
474 1788 618 1884 quinam
644 1786 791 1867 musculi
814 1788 888 1882 jam
911 1790 1043 1864 morbo
1067 1789 1268 1864 laborent‘

198 1880 262 1965 Illi
286 1880 472 1979 scintillis,
501 1907 578 1965 non
596 1906 688 1961 vero
710 1885 965 1965 commotione
980 1885 1266 1965 Muschenbroe·'

199 1980 334 2073 triana,
375 1985 633 2062 convellantur
670 1982 874 2074 eleilricis,
918 1982 1072 2061 studiose
1113 1983 1249 2077 semper
1285 2038 1288 2061 .

203 2079 384 2157 evitando
416 2082 631 2179 punitiones
658 2080 961 2178 antagonistamn
985 2081 1027 2163 ,vi
1052 2082 1249 2175 praevalen·
1285 2065 1293 2120 ¹

200 2176 308 2260 tium.
360 2178 409 2253 Hi
434 2180 558 2272 potina
578 2178 706 2272 vapori
726 2200 823 2271 aquae
840 2177 964 2255 calidae
979 2199 1046 2277 per
1058 2179 1170 2256 horas
1191 2178 1249 2251 ali·
1284 2198 1287 2211 ⁴

191 2288 296 2369 ‚quot
311 2273 476 2368 quotidie
500 2275 647 2368 exponi,
677 2274 901 2368 &tempore
923 2274 1142 2355 intermedio
1168 2298 1249 2370 pan·

200 2366 259 2451 nii
284 2370 409 2458 laneis,
447 2384 638 2467 unguento
662 2372 876 2449 emolliente
901 2368 963 2450 'vel
981 2376 1068 2450 oleo
1095 2374 1248 2469 quodam

203 2466 368 2562 mpresso
395 2468 561 2559 madidis,
583 2465 705 2545 foveri
726 2468 892 2582 poliunt,
918 2472 1142 2567 imponendo
1158 2469 1248 2546 hisce
1281 2444 1293 2519 i

203 2561 289 2639 dein
313 2566 495 2657 vesicam,
519 2588 603 2643 cum
632 2567 804 2645 latenbua
824 2568 988 2643 membro
1015 2569 1192 2665 adaptatis
1216 2566 1249 2642 dt
1280 2546 1293 2618 i

203 2659 396 2739 caleiaiiia.
449 2663 722 2740 Observandum
745 2686 838 2740 vero
865 2666 904 2740 in
928 2668 1024 2740 malo
1050 2666 1124 2740 hoc
1149 2667 1249 2762 rheu·
1280 2664 1293 2723 t

203 2759 332 2835 matici
357 2761 419 2835 vel
443 2761 620 2839 arthritici
640 2764 803 2860 generis,
822 2762 938 2858 ¹initio
963 2764 1164 2841 curationis
1188 2763 1248 2836 im·
1280 2760 1293 2833 l.

204 2857 338 2953 plendn
356 2857 428 2935 elle
452 2859 535 2934 vasa
555 2860 766 2956 aegrotantia
790 2860 1143 2954 liquoribnsmorbo
1165 2881 1248 2937 con·
1281 2864 1293 2933 ,Ι

248 2952 327 3046 uia,
356 2964 405 3031 ne·
426 2956 464 3033 in
487 2969 630 3033 motum
658 2956 734 3034 atta
758 2957 911 3037 materia
939 2958 1060 3037 morbi
1083 2959 1123 3038 in
1149 2955 1248 3038 nobi·
1280 2939 1293 3049 ‚i

223 3049 318 3133 ‘orer
341 3053 555 3151 projiciatur
583 3066 716 3151 parter.
1082 3130 1085 3135 ,
1279 3062 1293 3215 s

893 3184 901 3199 .
925 3188 933 3195 .
1287 3196 1293 3239 Ι

379 3286 676 3373 cornosrs
706 3294 741 3368 n
767 3289 1085 3394 svntonus.

306 3457 479 3534 Scintillae
500 3459 675 3535 elestrlcm
703 3461 796 3557 stylo
814 3463 1000 3539 metallico
1026 3464 1251 3560 materiaper

206 3557 244 3641 se
264 3556 428 3632 eletlrica
441 3557 576 3632 vestito
593 3559 630 3632 in
653 3575 811 3635 meatum
838 3561 994 3637 dednstae
1019 3561 1252 3653 auditorium,
1285 3526 1293 3603 ¹

207 3654 415 3732 irritatione
450 3655 508 3730 stra
541 3655 688 3729 solvunt
714 3660 943 3734 cerumen&
975 3682 1040 3755 pua
1069 3658 1252 3758 stagnans,
1279 3644 1293 3695 '¹

207 3765 252 3831 ut
287 3751 322 3827 dt
352 3751 388 3826 in
426 3753 597 3827 surditate
636 3754 874 3844 afebtibur,
914 3757 1121 3833 metastasin
1156 3734 1293 3856 digni

207 3860 307 3962 runt.
376 3849 558 3945 Quidquid
592 3872 682 3924 vero
707 3853 744 3929 in
775 3855 925 3950 cophosr
953 3855 1164 3949 catarrhali,
1182 3828 1293 3949 ·na·¹

205 3958 301 4047 uva,
324 3946 358 4028 dr
383 3969 460 4046 quoe
486 3952 529 4029 ab
554 3954 636 4028 atre
664 3949 828 4048 humido,
851 3972 922 4030 nec
944 3953 1074 4030 nonin
1097 3953 1254 4129 syssgmo
1281 3956 1293 3979 ¹

1110 4073 1129 4126 e
1171 4071 1258 4129 cera
