2588 4702
506 188 816 290 scounurus.
924 261 932 275 ι
1120 234 1190 309 309

99 404 218 479 tum·
211 390 381 477 extol-lit
408 387 465 471 Ci
493 397 664 486 Sauvuges
689 385 740 480 o).
793 389 862 473 Sed
893 389 1050 470 Diaetam
1077 414 1192 489 aegro·

99 492 143 595 pi
177 492 358 564 ordinare
387 491 532 565 maximi
569 490 618 562 est
649 490 842 564 momenti
912 490 1029 563 Vivat
1060 491 1162 566 hic
1152 514 1190 566 ιιι

99 596 211 667 aere
239 590 363 662 calore
395 606 630 683 temperato,
668 589 780 661 velsr
816 590 891 678 ejus
928 590 1189 699 opportunitas

99 684 204 765 iton
229 687 308 777 est,
333 685 558 760 vestimentis
576 703 700 763 tamen
719 686 813 760 bene
835 687 877 758 srt
898 688 1072 763 munitus.
1113 687 1189 758 De

103 784 337 884 srdiosam
320 784 435 857 vitam
467 784 641 880 effugiat,
674 806 715 855 ac
752 782 1005 856 salsamenta
995 783 1187 876 imprimis,

112 882 158 959 ἀ
185 882 325 975 quevis
331 869 538 956 concostu
572 881 748 967 difficilia,
773 881 920 971 vitans,
951 882 1187 976 repentibus,

105 995 302 1087 quantum
328 978 407 1055 fieri
430 979 578 1072 potest,
606 978 883 1074 vegetabilibus
913 979 1090 1058 vescatur

218 1176 379 1252 snum
406 1177 526 1249 rrum.
577 1173 649 1246 seu
680 1173 783 1246 auam
809 1172 967 1249 reorent
953 1188 1012 1250 tus
1034 1178 1109 1270 jam
1133 1176 1188 1252 rn-

102 1284 316 1355 veteratur
340 1294 475 1348 curam
511 1272 700 1366 postulat,
737 1272 796 1362 qui
829 1275 928 1346 senta
962 1275 1123 1348 remedia
1153 1276 1188 1348 δι

100 1372 252 1485 segnes
276 1372 456 1452 Medicos
471 1369 613 1466 prorsus
635 1369 813 1463 repudiat.
852 1373 979 1444 Huic
971 1374 1081 1468 igitur
1104 1395 1186 1447 cum

100 1470 266 1553 leniora
296 1470 358 1542 vix
386 1469 579 1555 sufficiant,
605 1469 649 1541 ad
668 1466 883 1580 ualidiores
899 1493 975 1562 quo
1001 1485 1067 1582 put
1053 1470 1187 1544 tredini

103 1562 311 1664 reustum,
334 1568 509 1662 simulque
530 1567 695 1661 eorporis
720 1567 899 1640 colatoria
919 1570 1101 1663 aperiunt,
1129 1591 1185 1640 re-

104 1658 334 1763 fugiendum
360 1664 422 1742 est.
473 1665 646 1740 Eminent
671 1665 767 1737 inter
792 1666 888 1757 huc,
919 1690 994 1760 quae
1011 1667 1093 1739 lotii
1119 1669 1185 1740 flu

103 1785 205 1841 xum
219 1776 484 1875 promovent,
511 1779 553 1836 ut
583 1763 700 1847 Atria,
734 1761 868 1856 Cepae,
899 1765 1026 1851 Porri,
1062 1766 1185 1839 &in

104 1862 247 1974 primis
270 1860 387 1933 Sciilae
408 1861 544 1934 Radix:
571 1861 630 1931 illa
655 1860 762 1932 variis
787 1862 857 1933 cibi
883 1819 1075 1956 generibus
1100 1878 1184 1956 apte

112 1958 303 2033 miscenda
322 1957 426 2033 sunt‘
457 1961 511 2033 be·
543 1981 633 2030 voro
654 1959 918 2032 Medicamenti
945 1960 1075 2047 instar,
1101 1983 1184 2033 cau·

115 2062 164 2129 te
184 2058 220 2128 bu
236 2057 280 2129 ad
293 2078 487 2152 granorum
513 2059 650 2148 aliquot
677 2057 818 2148 pondus
839 2071 928 2149 quot
915 2058 1004 2129 tidie
1028 2057 1078 2130 est
1099 2079 1183 2150 por·
1258 2096 1260 2101 .

113 2152 281 2249 rigenda.
331 2155 400 2228 Put
403 2155 519 2228 reclini
548 2177 638 2230 uero
669 2154 823 2227 maxime
850 2156 931 2227 resti
920 2156 1040 2246 stunt,
1073 2170 1183 2267 atque

118 2253 379 2329 alimentorum
395 2255 577 2347 pravitate
559 2275 616 2335 em
633 2253 827 2327 emendant
839 2252 938 2327 acida
958 2254 1034 2326 sere
1046 2248 1181 2342 omnia,

116 2351 433 2449 evegetabilibus
459 2352 639 2449 praecipue
669 2349 849 2443 expressa,
879 2365 921 2423 ut
955 2351 1092 2424 Soccus
1123 2349 1181 2425 Ci·
1203 2399 1206 2404 -

110 2458 287 2540 trorum,
314 2450 499 2526 Malorum
527 2448 814 2532 Aurantiorum
849 2449 1068 2539 Limonum,
1097 2451 1180 2542 qui,

107 2546 271 2623 eumad
297 2547 518 2642 protrabtum
546 2547 644 2622 usum
676 2562 844 2619 recentes
873 2547 906 2619 u
932 2571 952 2620 a
976 2548 1045 2621 situ
1075 2547 1180 2620 liberi

105 2644 255 2727 servari
287 2659 502 2735 nequeant,
543 2654 608 2718 co
593 2644 711 2718 irone
742 2645 785 2716 ad
814 2645 945 2737 Syrupi
987 2646 1181 2718 consisteri·

105 2742 208 2833 tiam
235 2742 404 2837 inspissari
429 2743 575 2836 possunt
595 2745 628 2814 u
646 2744 682 2816 in
700 2742 836 2835 lagenis
857 2745 971 2836 probe
987 2743 1180 2816 obturatis

108 2841 263 2935 excipi,
289 2857 331 2916 ut
356 2842 467 2914 docet
491 2843 584 2915 Lind
599 2836 656 2936 p).
725 2841 793 2912 His
826 2843 979 2914 veroin
1007 2842 1179 2914 vehiculo

106 2937 255 3035 aquoso
274 2939 377 3012 dilut'
350 2952 411 3029 trs,
439 2961 482 3014 ea
492 2961 560 3032 pro
578 2954 670 3032 potu
692 2939 878 3010 ordinario
897 2939 1043 3034 aegrotis
1063 2939 1179 3032 porri·
1218 2975 1221 2981 ·

111 3058 209 3137 gere
234 3036 414 3115 necessum
439 3036 501 3112 est.
556 3037 593 3109 Si
619 3059 710 3109 vero
736 3037 911 3109 beenon
937 3035 1084 3124 adsunt,
1111 3059 1179 3112 nec

99 3135 322 3233 comparari
356 3134 530 3227 possunt,
567 3135 667 3208 acida
698 3134 911 3218 mineralia,
949 3148 990 3206 ut
1022 3133 1178 3223 Spiritus

99 3214 209 3345 Salis
227 3233 288 3305 vel
307 3232 473 3321 Virrius,
498 3235 596 3307 &ex
626 3232 680 3306 his
704 3246 828 3325 parata
858 3232 1006 3304 Elixiria
1023 3232 1091 3305 Vit
1094 3231 1179 3305 rioli

105 3330 241 3421 varia,
267 3331 387 3416 acida,
411 3330 588 3405 desertum
606 3329 804 3424 suppleant.
857 3330 927 3403 Sed
947 3342 1033 3404 ante
1054 3330 1179 3404 omnia

106 3429 225 3515 diaeta
248 3428 378 3525 aegroti
405 3428 476 3502 erit
505 3429 733 3569 corrigenda
799 3422 1059 3505 Proscribenda
1094 3427 1177 3501 sunt

1054 3526 1179 3600 omnia

380 3726 446 3792 ·A·
468 3730 558 3804 ¹761·
589 3745 618 3802 ιι
636 3744 686 3808 rr·

102 3808 190 3948 sp)
210 3874 242 3935 ιι
254 3875 325 3939 207.
355 3858 435 3919 ssuic
452 3858 516 3919 usur
528 3875 619 3936 magis
636 3859 758 3921 inservit
776 3860 881 3920 succus
900 3861 979 3934 citri,
1000 3863 1050 3921 uel
1061 3871 1178 3920 acetum
1291 3919 1293 3924 .

214 3939 327 4016 frigore
346 3955 590 4015 conuenturum,
620 3939 704 4013 cuius
728 3943 912 4016 praeparandi
938 3943 1060 4003 modurn
1086 3941 1179 4039 docet

213 4019 452 4113 Pbrmacopuee
472 4023 582 4103 nostre,
589 4021 714 4090 suecica
732 4040 764 4102 ιι
778 4036 828 4106 55
