2588 4702
349 248 561 329 CORTEX
592 251 933 339 PERUVIANUS.
1122 272 1170 361 82

117 440 296 529 pure-erat
317 431 524 526 privatum,
553 453 628 526 quo
650 455 745 506 vero
768 434 967 510 certiorem
992 456 1052 511 me
1067 436 1168 513 iace.

113 542 188 620 tm,
211 546 315 605 anne
334 522 484 604 Gummi
502 528 592 605 esset
611 553 738 625 purum
757 535 816 605 vel
841 532 970 607 Resrna
994 535 1165 629 mixtum,

110 648 160 723 per
181 625 360 702 diversor
379 624 458 700 dier
482 629 625 703 unciam
650 651 757 721 unam
781 628 887 707 Extr.
912 631 1088 727 gummos.
1111 656 1167 728 pr.

107 726 181 801 beu
211 724 344 799 calido
368 746 449 798 cum
471 747 562 818 aqua
587 724 727 821 digeffi,
751 749 824 822 quo
844 742 1014 823 tempore
1038 730 1166 806 drach·

105 823 261 901 neduae
282 822 320 895 ἃ
342 840 451 918 grana
468 822 508 895 vi
533 822 601 897 inti
624 823 682 899 sex
706 839 809 899 erant
824 826 1064 921 precipitata,
1087 846 1165 921 que

105 920 149 997 ari
162 919 438 999 ennfistentiam
461 844 623 1010 regant,
654 922 776 997 resinae
791 942 867 998 non
885 926 1037 1011 multum
1058 942 1165 1005 erant

109 1016 304 1108 difinsseu
327 1017 466 1111 reliqua
489 1018 528 1093 in
550 1039 639 1113 aqua
662 1019 777 1095 soluta
801 1037 917 1098 erant.
968 1020 1071 1101 Extr.
1093 1024 1160 1104 res.

106 1138 157 1215 ῃ.
177 1117 396 1191 drachmam
425 1136 533 1190 unam
562 1116 636 1210 pari
667 1118 1027 1213 modorumque,
1063 1126 1162 1199 calo·

104 1220 171 1293 'tem
199 1215 300 1291 fere.
321 1213 501 1309 sanguinis
537 1213 683 1289 humani
717 1215 900 1308 habente,
936 1239 1001 1330 per
1031 1222 1055 1292 6
1083 1221 1161 1297 diet

100 1310 1162 1507 ,411111311ῖέ11111113113311111311

100 1508 234 1609 frigido
276 1507 443 1601 expofita
478 1507 611 1582 iterum
650 1509 978 1604 praecipitabantur.
1045 1511 1161 1606 Sapor

100 1627 190 1683 uero
213 1604 330 1681 valde
346 1618 486 1679 amarus
513 1605 637 1680 resine
658 1606 692 1680 ἀ
715 1608 811 1681 odor
836 1607 1056 1684 aromaticus
1091 1611 1161 1686 hae

100 1704 307 1803 uigestione
323 1702 407 1776 satis
425 1716 528 1777 erant
545 1702 733 1781 diminuta.
775 1705 829 1779 Ex
844 1708 921 1800 quo'
935 1721 1055 1801 patet,
1072 1706 1161 1782 Car·

100 1801 311 1879 theusetram
337 1801 434 1875 rette
461 1800 507 1874 de
534 1800 650 1876 China
674 1802 898 1896 predicasse,
928 1804 1159 1890 substantiam

99 1898 293 1977 nunciam
328 1921 410 1974 cum
442 1901 625 1995 gummosa
651 1899 781 1973 intime
810 1902 1053 2004 compinatatn
1085 1903 1159 1981 effe

100 1997 354 2088 &coherere
382 1997 605 2070 &neutram
628 1997 853 2068 extratiione
878 2000 936 2073 vel
956 2020 1040 2072 cum
1067 2022 1160 2095 aqua

103 2096 172 2171 rei
191 2094 280 2171 vinu
304 2095 343 2170 δι
370 2094 431 2192 Sp.
459 2095 507 2168 V.
532 2094 692 2188 perfet‘te
716 2114 841 2189 purum
866 2094 1041 2169 obtineri.

272 2392 281 2401 ,
428 2258 431 2264 ’
531 2306 565 2396 r.
616 2299 720 2380 vni.

190 2456 346 2554 Qurnta
367 2476 460 2529 vero
485 2466 563 2528 erat
588 2453 650 2526 illa
672 2452 879 2529 differentia
907 2453 1068 2530 Corticis
1092 2478 1155 2550 pe·-

99 2550 241 2630 rurirni
270 2554 319 2628 ab
343 2555 422 2627 aliis
447 2552 643 2642 similibus,
678 2575 782 2645 quarn
807 2575 882 2647 ope
905 2551 1066 2628 sensuum
1089 2576 1155 2629 co·

141 2652 274 2729 escere
299 2651 505 2746 patrunus,
535 2651 591 2747 (§.
613 2645 672 2741 4.)
699 2666 802 2725 tanta
826 2650 907 2724 fere
931 2672 1074 2745 quoque
1101 2652 1155 2727 est

130 2748 338 2847 strepentia
366 2750 512 2824 ratione
543 2749 699 2844 partium
729 2748 1046 2823 constitutivarum
1074 2751 1154 2843 eius

98 2844 133 2921 ἃ
156 2848 329 2923 aliorum.
380 2849 484 2922 Extr.
514 2847 610 2921 enim
633 2848 697 2924 res.
730 2847 910 2938 quantitas
935 2846 1074 2939 semper
1099 2849 1154 2921 su-

98 2960 195 3039 petat
218 2966 304 3023 eam
320 2943 515 3021 Cascarillae
539 2944 742 3018 &aliorum
769 2943 959 3017 Curticum
987 2945 1154 3020 similium

98 3041 353 3137 quantitatem.
402 3042 575 3117 Extratto
607 3041 750 3134 quidem
782 3040 915 3132 aquoso
937 3060 1009 3132 pru·
1034 3039 1154 3115 China

98 3143 257 3223 mundat
294 3140 481 3215 Cascariila
522 3138 716 3214 secundum
752 3135 1039 3225 Neumannum3
1079 3161 1150 3236 ego

98 3258 185 3315 uero
211 3257 412 3332 numquam
442 3261 487 3312 ex
507 3239 581 3312 hoc
606 3236 756 3308 Cortice
787 3250 929 3311 tantum
958 3238 1150 3311 extrahere

97 3337 221 3450 potui,
246 3358 458 3432 quamquam
483 3350 541 3409 ter
557 3335 808 3428 experimenta
832 3334 984 3408 eandem
1001 3337 1051 3407 ob
1069 3356 1150 3414 rem

97 3432 323 3529 tuffituerim.
389 3434 523 3508 Oleum
564 3454 676 3525 porro
715 3430 900 3504 essentiale
938 3429 1062 3513 deficit
1109 3435 1150 3512 in

97 3528 233 3622 chine,
258 3529 357 3625 quod
381 3533 416 3607 in
445 3530 631 3605 CascuriHa
652 3531 841 3623 reperitur.
894 3529 1022 3602 Refert
1048 3531 1150 3609 enim

97 3625 424 3722 neumausi),
457 3651 502 3703 ex
526 3629 635 3703 Libra
657 3650 728 3700 una
758 3625 864 3699 Cort.
891 3625 1087 3703 Cascarillae
1113 3631 1150 3711 se

97 3725 395 3811 irretrachmam
420 3727 494 3801 olei
517 3722 726 3897 obtinuisse,
752 3725 786 3799 ἀ
812 3745 857 3798 ex
882 3726 972 3799 libra
995 3749 1065 3801 una
1080 3726 1148 3800 Cu-

625 3844 633 3875 ⁴
667 3847 685 3898 2
1003 3825 1149 3898 scarrlioe

97 3971 620 3998 W-
639 3965 1147 3996 *wm-

128 4055 165 4135 ἡ)
185 4033 338 4124 Netum
362 4050 492 4129 prule&
519 4010 620 4127 caym.
651 4063 681 4143 n
695 4056 769 4127 811.
855 4025 876 4071 ⁰
