2602 4702
425 244 737 327 scortantur.
797 298 801 311 .
1039 271 1112 347 305
1160 286 1163 301 ·

93 444 168 525 at3
195 427 496 526 unde-particula
512 430 549 504 in
565 428 736 525 sanguine
754 425 975 522 nidulantes,
991 444 1116 528 acres,

93 534 157 625 m,
175 541 249 607 'aut
269 529 307 604 in
326 529 555 623 putredinem
585 541 810 623 vergentes,
835 526 935 600 foras
961 529 1114 621 ejiciun-

93 656 115 706 τ.
176 630 265 723 Ejus
290 649 362 721 ope
390 649 466 700 non
497 640 642 702 tanturn
680 625 906 698 uentriculus
938 626 972 700 bt
1005 637 1113 724 orga-

128 728 328 822 cbylopoea
372 725 623 812 roborantur,
643 811 646 818 ¹
670 745 800 797 vertam
842 724 952 821 etiam
996 739 1141 810 tonua,

93 827 212 902 ttibua
250 822 372 896 solidis
410 823 638 898 conciliatur.
713 822 812 895 Hinc
847 823 954 895 facile
990 839 1112 917 patet,

93 942 182 1001 anta
197 923 242 997 m
261 922 338 1013 ejus
362 920 564 1010 neceffitaa,
589 919 781 1004 omnibus,
810 919 853 991 iis
882 943 980 993 vero
1001 923 1114 1017 inpri-

93 1026 136 1119 ὲ,
166 1021 228 1116 qui
253 1020 338 1093 cibo
363 1018 473 1109 salso,
510 1019 601 1090 duro
628 1016 662 1088 tt
688 1016 870 1091 concocta
896 1019 1030 1094 difficili
1055 1023 1113 1094 vi-

93 1144 121 1197 m
144 1116 346 1196 sustentare
369 1129 576 1210 coguntur3
604 1129 665 1189 aut
688 1116 747 1207 qui
769 1117 829 1186 vel
852 1116 1037 1193 minimam
1061 1121 1116 1193 la·

93 1219 165 1295 ntis
203 1215 376 1290 Scorbuti
407 1213 643 1310 suspicionem
679 1215 852 1307 produnt.
928 1217 1119 1308 Quamdiu

93 1319 148 1393 im
170 1313 383 1408 quotidiana
407 1314 673 1402 contentione,
707 1333 865 1404 corpora
885 1314 928 1384 ad
945 1315 1119 1393 sudorem

93 1435 166 1510 que
193 1425 390 1500 exercent,
415 1411 554 1485 tamdiu
574 1411 682 1483 etiam
704 1409 926 1483 aScorbuto
948 1411 1028 1507 stmt
1047 1415 1118 1487 im·
1221 1412 1224 1419 '

93 1535 200 1600 anes,
230 1509 531 1603 quemadmodum
557 1524 773 1595 nautarum,
797 1509 978 1603 remigum
1004 1511 1038 1584 δι
1061 1511 1120 1584 fn·
1161 1572 1164 1591 .

93 1630 203 1686 orum
236 1609 275 1682 in
301 1607 455 1682 officinis
483 1606 640 1679 ferrariis
668 1606 779 1678 docet
805 1608 1031 1702 experientia
1047 1609 1076 1702 f
1075 1605 1120 1695 λ’

93 1732 143 1785 tm
173 1728 268 1781 vero
299 1708 361 1778 vel
387 1707 530 1778 labores
565 1705 712 1798 fugiunt
746 1703 878 1792 otiosi,
911 1709 1119 1786 ueletiam

95 1805 239 1906 gotila,
273 1804 400 1896 quibus
428 1825 560 1903 corpus
592 1802 743 1875 fortiter
769 1816 966 1895 movetur,
1003 1827 1120 1880 occu·

93 1906 233 1980 rinon
262 1900 434 1995 possunt,
467 1913 509 1974 ut
531 1901 667 1976 milites
698 1899 882 1973 incastris
916 1904 978 1974 vel
1009 1903 1118 1976 navi-

93 1996 203 2097 '¹⁸³9’
226 1999 401 2089 sartores,
430 2011 619 2086 textores,
648 1997 790 2084 Aulici,
817 1998 975 2090 Eruditi,
992 2001 1036 2096 ¹&
1060 2002 1118 2074 ni·
1179 2051 1180 2054 ,

95 2099 251 2174 lominus
282 2097 489 2171 salsamenta
515 2097 692 2170 continue
720 2096 753 2168 bt
779 2096 884 2167 avide
914 2096 1117 2191 devorant,

93 2197 230 2272 erinon
251 2194 392 2290 potest,
422 2193 507 2287 quin
530 2207 713 2269 aretenta
731 2193 767 2266 in
785 2196 1000 2289 corporibus
1025 2197 1116 2280 acri·¹

95 2294 187 2370 onia
205 2295 333 2386 selina,
360 2293 561 2367 Scorbutus
586 2292 823 2369 acceleretur.

982 2373 984 2377 Α
1051 2445 1116 2516 4³0

93 2601 364 2624 *⁸¹⁸*-

93 2713 127 2792 r)
148 2715 203 2777 Sel
232 2728 285 2787 per
309 2708 445 2784 sudorem
471 2709 500 2773 bt
527 2713 677 2772 uriname
700 2726 829 2787 corpore
860 2710 1003 2777 eliminari
1034 2731 1119 2782 extre
1147 2704 1180 2771 ι’

153 2810 247 2856 omne
268 2795 388 2854 dubium
409 2793 458 2860 eti.
501 2794 677 2854 Attentione
697 2792 765 2852 sane
790 2796 931 2872 dignum,
951 2797 1015 2873 (ait
1038 2798 1122 2875 saepe

93 2929 95 2932 ,
151 2876 294 2938 laudatus
316 2870 407 2946 tint)
428 2875 512 2948 qu'od
534 2875 600 2932 salia
617 2887 825 2949 quaecunque,
854 2878 882 2935 in
906 2878 1041 2942 machina
1060 2881 1121 2940 lnt-
1168 2922 1171 2925 ,

151 2973 266 3028 mene,
291 2956 391 3030 quoad
404 2970 536 3014 naturam
548 2968 785 3029 commutantur,
807 2955 837 3016 bt
854 2959 883 3015 in
901 2956 1122 3036 homogeneam
1189 2976 1192 2981 '

93 3080 97 3121 ᾗ
144 3039 207 3100 *seu
222 3038 461 3096 ammoniacalem
479 3038 605 3108 abeunt,
629 3049 757 3108 excepto
769 3037 825 3095 sale
839 3040 1006 3111 muriatico,
1034 3044 1121 3118 quoti

153 3135 262 3181 omnes
292 3131 351 3178 tam
387 3118 544 3176 fluidorum
578 3133 664 3191 quam
693 3117 854 3178 solidorum
887 3120 964 3179 vires
996 3124 1120 3185 eludere

154 3201 289 3264 videtur.
330 3198 446 3256 Etenim
466 3199 598 3258 indolem
618 3197 694 3257 suam
720 3200 748 3258 in
774 3216 902 3273 corpore
926 3199 1036 3278 jugiter
1058 3204 1152 3267 sera..

145 3296 255 3352 mans,
283 3278 342 3339 stne
364 3281 424 3339 ulla
452 3281 616 3340 mutatione
643 3296 696 3354 per
722 3280 946 3341 destillationem
976 3301 1012 3343 ex
1033 3287 1120 3348 urina

156 3364 338 3436 obtinetur,
371 3359 481 3437 siquis
514 3362 642 3439 aliquem
673 3360 738 3423 salis
769 3364 940 3438 portionem
973 3367 1123 3447 comedit,

153 3449 262 3521 ΜΒ·
352 3473 359 3487 ·

93 3573 236 3674 allatu
258 3586 367 3664 septem
388 3586 583 3654 scorbuticos
604 3588 634 3653 in
651 3603 728 3653 nave
747 3588 946 3665 periclitantes
957 3632 968 3669 ,
990 3585 1120 3673 quatuor

158 3671 200 3734 eti
229 3671 378 3732 minimum
411 3671 493 3731 fuine
522 3675 654 3746 milites,
691 3673 862 3733 observavit
892 3676 1021 3757 Rouppe..
1083 3680 1118 3741 ln

103 3750 109 3761 '
159 3752 275 3812 elalliee
298 3753 490 3826 expeditione
510 3755 615 3816 lllustr.
639 3753 736 3827 Aeson
758 3757 875 3828 plurimi
896 3758 1004 3816 milites
1026 3760 1120 3820 Scor·

157 3834 237 3895 bato
253 3835 474 3905 moriebantur,
499 3837 609 3914 quippe
631 3838 683 3914 qui
703 3837 734 3899 in
756 3853 836 3902 neve
851 3837 1005 3909 laboribue
1024 3856 1119 3910 ocem
1228 3855 1230 3859 ’

157 3915 224 3990 pari
243 3931 304 3975 non
325 3927 475 3990 poterant.

112 4040 208 4128 itin
231 4036 302 4122 tx,
645 4033 684 4119 U
