2602 4702
118 228 194 306 14⁴
257 202 485 313 mmuh
503 200 1041 311 ‚minturnensium
1088 270 1091 275 ,

109 390 200 466 ‘runi
224 380 422 461 sententiae
445 381 520 477 jam
544 404 848 477 commemorare.
896 380 1037 462 Harum
1063 381 1125 459 etis

119 488 299 586 pleraque
321 496 395 557 tam
421 479 578 555 absurdis
600 480 744 578 prorsus
769 484 939 558 nituntur
959 481 1125 558 luxuriam

120 581 258 681 ingenii
286 579 532 669 commentis,
560 593 604 661 ut
632 595 776 657 aeterne
801 581 984 661 oblivioni
1011 579 1047 654 a
1073 580 1125 655 fils

120 682 179 758 tio
208 696 400 774 numquam
423 678 652 773 rumpendo,
672 680 775 783 jure,
799 681 860 753 vel
887 679 1054 775 optimo,
1085 692 1125 752 tr:

122 780 291 856 debeant.
344 774 518 871 Quaedam
548 789 671 851 tamen
696 776 882 852 mitiorem
918 774 1022 850 ideo.
1038 772 1125 852 men

119 891 185 961 tur
204 871 416 964 censuram,
442 871 541 967 quod
568 875 810 951 hindamento
834 873 1028 967 validiori,
1063 873 1125 951 sau

121 968 244 1087 {leque
261 969 419 1062 mentis,
443 969 554 1049 variis
578 993 654 1047 non
682 975 825 1049 obruta
850 968 1097 1066 prejudiciis,

1 1116 6 1124 ,
51 1148 54 1156 ,
123 1068 283 1149 tiocrnio
313 1063 415 1144 fulta
444 1066 755 1166 superstrudiaeque
782 1068 988 1145 videantur.
1041 1068 1125 1145 Har

120 1172 216 1271 jam,
248 1164 354 1249 miliia
383 1165 575 1258 omnibus,
608 1182 683 1245 tam
715 1168 950 1262 antiquioris,
970 1164 1094 1265 'quam

124 1263 303 1349 centiurie
322 1262 502 1361 temporis
527 1263 734 1343 fiiiionibus
756 1265 994 1354 theoreticis,
1023 1280 1125 1342 ment

124 1389 210 1447 nem
237 1364 395 1455 inferre,
419 1362 657 1441 brevissimam
683 1365 793 1452 licet,
822 1385 966 1440 mecum
992 1362 1125 1439 constit

125 1463 319 1554 doctrina,
344 1483 414 1556 qua
439 1460 535 1553 sese,
560 1461 683 1539 nostra
707 1461 923 1559 potillrmum
945 1476 1085 1553 aetate,
1112 1485 1125 1537 a

126 1564 255 1640 dicinae
275 1560 478 1636 cultoribus
498 1560 815 1650 commendarunt,
841 1560 1078 1656 exploranda
1093 1582 1125 1635 cr

125 1662 162 1738 sa
185 1658 338 1733 maxime
368 1655 505 1734 datius.
571 1656 615 1733 In
644 1660 764 1734 arduo
789 1680 884 1732 vero
914 1658 949 1731 dc
981 1656 1125 1752 perdiffi

125 1759 201 1836 huc
230 1762 342 1850 opere
365 1753 595 1850 peragendo,
628 1777 849 1853 magnopere
876 1755 965 1832 mihi
994 1757 1105 1831 venit

126 1853 287 1955 petenda
316 1856 455 1943 count
484 1850 632 1930 Ltdloris
657 1854 920 1933 benevolentia
947 1854 984 1929 dc
1012 1855 1125 1950 aequit

127 1974 285 2049 cumque
319 1950 396 2027 labi·
425 1952 470 2027 sit
501 1951 666 2027 humanae
694 1951 828 2045 sortis,
864 1953 1055 2028 labentem
1097 1974 1125 2027 u

128 2053 269 2151 erigere
301 2051 406 2148 probi
437 2050 580 2125 intersit
609 2048 791 2141 hominis,
822 2049 922 2124 omui
947 2050 1125 2147 humanit¹

129 2151 240 2228 officii
261 2151 323 2243 he
337 2148 548 2224 destitutum
567 2169 627 2223 me
652 2172 728 2225 non
744 2150 848 2240 fore,
874 2163 1001 2223 certus
1017 2146 1125 2227 confr

130 2250 215 2324 dum
236 2267 317 2320 mea
334 2247 607 2339 qualiacunque,
627 2246 672 2325 de
688 2248 874 2322 audiorum
888 2246 1055 2342 judiciis,
1079 2245 1125 2337 set

129 2367 200 2518 {ro
222 2342 373 2419 modulo
392 2341 553 2441 ingenii,
577 2343 740 2431 modeste
760 2346 864 2422 slmul
876 2365 1072 2443 exponere
1089 2368 1125 2425 au

147 2462 251 2516 uero.

590 2615 627 2707 q,
677 2609 728 2687 11.

162 2781 166 2788 ’
227 2755 414 2855 Inprimis,
440 2758 488 2834 lic
506 2759 622 2863 diuis,
638 2771 718 2854 uiis,
731 2765 1078 2849 VENTRICULO
1091 2791 1125 2849 nr

133 2857 234 2956 pe&
253 2856 362 2932 canali
389 2858 632 2952 intestinorum,
666 2875 790 2941 veram
825 2867 983 2944 febrium
1007 2871 1125 2945 intera

133 2956 294 3032 tentium
334 2954 486 3031 caulsam
526 2960 675 3054 plurimi
714 2963 749 3037 se
779 2964 963 3041 invenille
1000 2982 1125 3064 putatu

133 3053 238 3131 Inter
269 3052 430 3148 primos,
474 3056 626 3133 theoriae
657 3060 744 3147 huic¹
778 3063 871 3137 mire
903 3064 1047 3142 d'editus
1068 3068 1125 3150 Lu

133 3151 411 3241 BELLINUS,
441 3152 478 3227 in
506 3153 703 3248 systematis
731 3159 883 3236 formam
922 3164 1018 3240 hanc
1048 3165 1125 3240 rede

134 3249 356 3362 hypothesin
372 3241 435 3340 a),
461 3252 607 3345 ejsuque
623 3255 768 3349 postea,
791 3261 918 3354 reliqui
939 3282 1125 3353 omnee,t

136 3361 225 3420 tatis
258 3367 382 3440 parum
420 3350 627 3443 mutandis,
663 3354 870 3433 institerunt
905 3360 1079 3457 vestigiis.

136 3465 220 3519 cum
244 3457 426 3541 aegrotos,
452 3447 524 3520 hoc
541 3449 695 3524 febrium
718 3474 851 3548 genere
879 3456 1059 3549 affedioa,
1089 3457 1123 3532 vi

136 3558 195 3618 ret
227 3541 409 3654 interdum
440 3545 586 3622 vomitu
613 3549 788 3626 viscidum
825 3556 1007 3648 quoddam
1042 3557 1125 3653 ejice

139 3643 306 3739 gelatrnae
329 3640 372 3714 ad
399 3640 506 3716 instar
534 3657 717 3737 tremens,
752 3650 790 3725 in
818 3654 1029 3731 ventriculo
1062 3676 1125 3729 eor

1100 3775 1125 3829 m

140 3892 1125 3939 mm

179 3975 268 4061 a)ln
293 3978 392 4055 Opera
414 3982 451 4045 de
471 3982 612 4052 debrilrua
633 3989 751 4085 deuon.
773 3932 864 4076 υθέ.
