2602 4702
204 258 283 335 294
578 230 890 312 scouuuws,

205 411 440 494 moderatum
452 411 520 509 f).
569 414 863 490 runcum
893 407 1115 506 opinionem
1136 416 1249 489 eorum
1278 468 1281 478 ·

209 511 380 604 damnat,
407 514 469 608 qui
492 526 608 597 terras
634 514 679 589 ad
703 513 1003 607 Septentrionem
1033 509 1147 598 sitas,
1175 507 1251 582 huic
1273 506 1292 595 ,Ε

207 612 308 689 malo
347 612 505 687 maxime
533 611 605 685 else
633 626 861 705 opportunas
894 607 1126 693 existimant,
1163 605 1251 698 fiqui

207 707 293 782 dent
321 710 386 783 vix
412 710 566 783 durante
591 710 738 798 hieme,
773 706 834 782 sed
861 704 1037 799 imprimis
1061 703 1204 778 vernali
1226 702 1252 777 b
1277 704 1292 754 ²³

209 808 374 880 rutumni
390 819 575 902 tempore,
599 808 818 881 Scorbutum
834 804 960 879 sevire
974 802 1193 877 observavit
1205 795 1251 897 gl
1281 807 1290 853 ·³

207 900 349 999 Negari
377 904 521 997 quidem
559 927 637 980 uon
661 903 813 999 potest,
849 902 1065 999 rigidiorem
1094 899 1254 996 hyemen
1286 904 1292 950 ³

208 1000 397 1075 Scorbuto
426 1005 632 1098 correptis,
658 1005 717 1093 uel
744 1001 879 1074 semina
903 1001 998 1094 quali
1027 997 1119 1072 mali
1146 996 1251 1071 ootul
1285 1004 1292 1049 '³

207 1101 373 1171 tantibus
403 1102 556 1174 omnino
590 1101 661 1175 esse
696 1100 963 1213 perniciosam,
999 1098 1114 1189 eique
1150 1095 1253 1191 ingre·
1288 1102 1292 1129 ⁴

206 1195 378 1270 vescendi
413 1198 530 1271 ansam
558 1198 837 1275 subministrare:
873 1196 933 1269 sed
954 1195 1184 1269 Scorbuturb
1209 1207 1252 1265 te
1289 1200 1292 1243 ³

206 1314 293 1369 men
320 1295 413 1387 apud
439 1296 664 1387 Britannos,
693 1298 878 1381 Batavos,
911 1294 1087 1381 Sueuos,
1118 1291 1251 1380 Danas,

207 1387 435 1487 Norvegos,
460 1393 817 1483 ceterosboreales,
841 1392 1069 1465 Eudemium
1087 1389 1159 1465 effe
1172 1410 1252 1462 mor·

208 1488 296 1577 bunt
329 1493 522 1569 Boerbauoio
540 1489 581 1583 b)
606 1492 753 1567 minime
783 1489 1038 1565 concedimus·
1091 1487 1145 1562 Et
1166 1487 1189 1561 [ι
1207 1488 1276 1559 lo.

209 1586 263 1659 cis
283 1590 351 1673 jam
374 1590 572 1665 nominatis
588 1590 786 1683 sporadice,
804 1588 1002 1663 &forsitan
1024 1584 1248 1681 frequentior,

208 1706 314 1778 quam
337 1685 398 1757 sub
418 1688 580 1760 calidiori
601 1689 770 1777 climate,
797 1685 1007 1773 invenitur,
1042 1684 1087 1777 id
1108 1705 1164 1759 nrt
1180 1681 1242 1761 ui·
1287 1774 1290 1781 ι

208 1801 253 1856 cc
277 1783 424 1878 frigori,
450 1783 510 1857 sed
539 1785 792 1879 tempestatum
815 1783 931 1859 indoli
952 1782 1136 1861 variabili
1153 1779 1181 1855 b
1196 1777 1239 1849 ri·

206 1882 321 1953 vendi
357 1881 548 1965 hominum
581 1884 743 1973 rationi,
776 1883 838 1958 seu
870 1881 1014 1970 dietae,
1062 1878 1183 1975 potius
1204 1873 1244 1949 rt
1286 1916 1289 1921 ·

208 1980 456 2057 tribuendum.
512 1981 554 2057 In
580 2003 712 2080 genere
735 2003 829 2055 vero
856 1978 1098 2070 notandum,
1130 1992 1201 2052 tan
1221 1976 1251 2048 iu

207 2074 342 2169 nostris
366 2079 600 2175 regionibus,
624 2101 732 2176 quarn
752 2079 852 2168 aliis,
878 2078 975 2151 malo
997 2078 1096 2151 huic
1119 2073 1253 2151 meunt
1290 2156 1292 2163 ,

211 2192 453 2266 opportunos·
469 2177 542 2251 esse
559 2201 647 2265 eos,
669 2178 729 2271 qui
746 2178 861 2251 vitant
879 2174 1133 2251 sedentariam
1147 2184 1254 2269 agon
1290 2178 1292 2227 Ι

210 2273 278 2349 vel
309 2273 368 2366 qui
396 2274 580 2349 laboribus
611 2298 689 2351 non
721 2293 947 2369 occupantur
975 2272 1110 2351 sudori
1138 2269 1253 2347 cieub

213 2368 518 2462 adcommodatis,
539 2373 748 2463 utEruditi,
770 2371 943 2453 Artifices
959 2369 1155 2458 nonnulli,
1177 2368 1256 2443 Ter·

213 2477 343 2553 tores,
372 2466 559 2554 satores,
586 2473 729 2548 Milites
755 2470 790 2547 ἃ
812 2470 945 2545 Nautae
973 2467 1182 2554 incuriosis
1204 2487 1256 2543 nec

214 2561 263 2640 iis
283 2565 425 2657 parcit,
452 2569 511 2660 qui
534 2570 695 2646 febribus
719 2570 991 2666 quibuscunque
1014 2566 1053 2639 br
1076 2564 1256 2661 praesertin

214 2659 571 2757 intermittentibus,
594 2669 817 2744 laborarunt.
876 2664 1015 2738 Tabaci
1044 2664 1256 2753 sumatores,

219 2757 256 2831 u
279 2761 465 2855 imprimis.
481 2787 569 2853 eos,
605 2788 697 2861 quos
727 2780 836 2843 autea
861 2764 1069 2839 Scorbutus
1091 2764 1190 2837 male
1211 2763 1256 2835 bt·

216 2852 321 2943 buit,
350 2858 446 2937 haud
470 2883 553 2939 raro
586 2862 760 2953 incurrit,
801 2879 843 2938 ut
873 2885 917 2934 ex
948 2858 1258 2935 obseruationibus

222 2956 370 3031 Cromerl
382 3009 397 3055 ,
430 2958 576 3056 Arna,
614 2964 758 3057 Rouppii
780 2951 814 3051 i)
847 2958 1000 3034 constat.
1083 2956 1267 3053 Contagio·

216 3053 364 3145 quidem
381 3077 458 3133 nou
475 3060 587 3153 magis
606 3059 649 3136 ad
665 3060 756 3133 alios
771 3058 897 3132 transit
913 3055 1144 3146 Scorbutus,
1166 3073 1258 3151 quau

219 3150 350 3243 reliqui
382 3154 501 3232 morbi
534 3156 751 3250 epidemici3
784 3156 974 3233 interiora
1001 3165 1106 3233 tetro
1139 3154 1257 3239 odore,

220 3267 328 3346 quem
349 3242 518 3351 spargunt
537 3253 653 3332 miseri
672 3253 813 3347 affliili,
837 3254 872 3327 dr
899 3261 982 3329 abre
999 3252 1123 3329 halitu
1145 3269 1259 3325 eoruu

1157 3346 1259 3442 inqui·

250 3577 303 3667 j)
322 3585 491 3648 Backstmm
509 3585 625 3647 observ.
644 3587 723 3648 ciret
738 3584 927 3653 scortumst
968 3544 1150 3649 Ineunt&
1157 3585 1257 3652 orout

318 3665 402 3751 Med.
429 3665 540 3730 Htllor.
564 3667 647 3736 Tuus,
665 3669 696 3733 6.
1149 3734 1152 3739 .

255 3769 294 3856 g)
313 3768 449 3834 Dissertlo
474 3772 634 3850 Epistolica
658 3772 695 3833 de
716 3772 878 3835 Scorbuto.

258 3887 296 3972 b)
319 3888 496 3967 Aplortsmt-
511 3893 548 3955 dt
565 3892 707 3971 cognosc.
728 3891 760 3958 dt
780 3893 902 3965 cursui.
924 3893 1021 3960 norb·
1048 3890 1180 3979 §nrm
1250 3912 1255 3923 ·

255 4013 284 4096 i)
303 4014 391 4080 Liber
410 4013 447 4077 ds
466 4012 589 4078 Morbis.
610 4011 821 4092 morantium.
888 4080 890 4086 ,
