2602 4702
110 238 183 322 ess
252 221 493 301 anamun-
517 221 1034 335 instauramentum

115 404 243 480 tillime
273 403 520 480 commendari
550 401 726 493 inlusum,
753 424 773 476 a
808 406 956 477 Gianella
977 395 1035 491 l),
1059 423 1103 494 qu

110 526 181 599 ,per
203 504 325 598 plures
351 503 453 594 dies,
479 502 581 577 horis
607 499 849 575 aliumendum
873 501 944 573 erit
966 499 1103 572 matutir

113 601 263 676 Radicis
279 600 389 675 etiam
415 598 580 695 pulveri,
606 597 665 671 Sal
688 599 789 691 addi,
818 601 880 672 vel
904 597 1093 672 alcalinum

110 699 300 794 medium,
336 699 484 773 calcatis
503 696 634 786 instar,
660 696 703 770 ad
725 698 849 771 sordes
876 695 988 791 magis
1017 693 1103 771 incid

119 797 211 891 das,
236 795 419 874 notiiiimo
449 796 619 872 omnibus
646 805 877 891 compertum
901 794 952 868 est
978 791 1054 867 usu.

219 996 253 1068 3.
279 972 396 1048 Radix
420 975 527 1069 Afiari
552 974 590 1055 iu
617 973 769 1048 decocto
802 972 934 1050 vinoso
965 971 1103 1045 laudatu

124 1075 331 1167 &delatae
355 1074 389 1145 δι
412 1067 682 1166 Klaunigiom),
711 1073 872 1164 horaque
898 1083 985 1145 ante
1006 1090 1103 1162 paror

122 1192 222 1245 mum
251 1174 436 1264 proxima,
463 1168 707 1245 hoc.suadent
734 1170 877 1263 partitis
901 1171 1103 1266 ingereret

122 1269 192 1342 bus
223 1266 427 1357 decodlum.
533 1267 614 1356 uid,
643 1267 762 1361 quod,
800 1281 982 1361 tamquam
1019 1262 1103 1359 speci

92 1422 95 1427 -
116 1366 203 1479 ''haec
222 1367 437 1442 decantatur
461 1272 563 1441 radix
585 1367 625 1442 in
645 1366 744 1441 Attis
765 1366 1026 1460 Berolinenftius
1049 1357 1103 1453 a).

68 1623 70 1631 ,
121 1582 124 1589 -
226 1568 261 1635 4.
291 1543 407 1618 Radix
441 1547 575 1632 iiiollei
600 1534 844 1644 (perfoliati)
878 1543 1014 1618 emefin
1043 1540 1103 1614 lor·

127 1664 187 1717 me
208 1654 339 1716 movet
363 1641 627 1731 robustioribus
652 1667 761 1719 novae
788 1643 929 1738 Angliae
958 1638 1087 1714 incolis

128 1742 281 1836 pulvere
310 1740 493 1832 exhibita,
529 1741 675 1835 doirque
700 1741 900 1831 mediocri,
938 1736 1103 1813 adversus

128 1841 214 1914 bres
238 1859 367 1912 omnes
390 1839 701 1928 intermittentes,
726 1855 868 1930 tutum,
900 1851 1046 1912 certum
1068 1834 1103 1909 dt

130 1939 230 2015 nime
253 1937 362 2012 fallax
384 1936 556 2013 salutatur
579 1937 778 2014 remedium
801 1929 852 2028 o).

235 2126 269 2194 5.
301 2102 418 2176 Radix
449 2107 577 2192 Scilla,
603 2101 811 2197 frequenti,
834 2112 965 2174 eontra
990 2099 1103 2173 febre:

135 2202 409 2287 termittentes‚
442 2201 549 2286 estin
572 2203 633 2275 usu
647 2201 742 2295 plebi
764 2199 1043 2288 Brunsvicensr‚
1072 2218 1103 2271 ιι

134 2303 209 2376 fert
228 2300 259 2371 I.
281 2298 331 2371 H.
353 2298 505 2390 tangus
517 2293 577 2395 p).
627 2299 865 2392 inquirere,
889 2298 933 2369 ad
952 2295 1061 2370 cultri
1077 2314 1103 2371 c

136 2400 220 2471 dem
251 2415 334 2467 cum
364 2409 499 2484 aceto,
532 2398 628 2470 hunc
660 2398 855 2493 propinant
890 2397 1061 2480 bulbum,
1093 2415 1103 2429 ·

137 2491 330 2585 aliquoties
356 2507 536 2582 vomunt,
566 2497 626 2568 vel
656 2497 777 2569 alvum
806 2494 1003 2586 dejiciunt,
1035 2493 1103 2565 &r

138 2593 212 2667 tito
235 2589 283 2662 fic
304 2589 409 2682 hujus
435 2591 681 2666 medicaminis
703 2594 788 2684 usu,
815 2593 936 2666 fomes
952 2592 992 2666 in
1007 2602 1103 2664 vena

105 2784 110 2793 ι
138 2696 178 2771 lo
207 2684 369 2762 sordidus
396 2687 543 2764 tandem
573 2690 791 2766 eliminatur.

240 2854 276 2927 6.
309 2851 549 2936 Sedunum,
586 2852 713 2926 velut
749 2852 826 2926 aliis
863 2849 997 2925 dicitur
1025 2850 1103 2924 Illect

143 2951 242 3024 inter
260 2945 505 3043 praestantiora
535 2948 677 3042 quidem
707 2964 917 3025 numeratur
943 2948 1103 3022 antiscorl

143 3072 207 3141 ca,
234 3045 419 3119 vomitum
453 3061 597 3133 tamen,
635 3049 716 3142 quia
742 3050 835 3122 hanc
866 3043 1103 3121 succulentilir

148 3143 331 3242 comperit
357 3143 540 3218 interdum
566 3145 664 3219 ciere
694 3149 853 3242 plantam
879 3145 1021 3220 Celebr.
1045 3144 1103 3217 Len

147 3382 672 3406 mn*

185 3488 215 3570 i)
235 3490 271 3550 de
290 3487 452 3629 agmirabili
470 3487 684 3562 lpecacuanhae
704 3494 861 3558 virtutem
879 3495 954 3562 febr.
975 3493 1103 3555 intermit

223 3587 297 3632 ·ran
320 3587 355 3634 rs.

187 3675 231 3749 m)
250 3675 413 3742 Noiocom.
436 3675 605 3743 charitatis.

188 3781 223 3856 n)
244 3782 355 3847 Decad.
369 3783 393 3844 i.
424 3783 496 3852 Vol,
508 3785 558 3847 lx.
588 3803 618 3859 p.
630 3802 681 3867 37.

191 3886 224 3962 o)
247 3886 341 3968 Clayt.
364 3889 445 3967 Vlrg.
473 3909 509 3965 Ρ..
524 3906 592 3970 149.

185 4021 207 4089 p
237 4005 381 4068 -Tentam
406 4009 443 4070 de
467 4009 572 4073 remed.
599 4009 803 4097 Brunsvicens.
825 4009 993 4096 domesticis.
1016 4032 1050 4093 p.
1067 4032 1100 4093 η
