2588 4702
230 238 254 309 r.
318 238 323 245 ·
398 191 634 323 curat'rro
676 240 852 322 vaura,
959 308 963 314 .
1088 230 1165 349 '145

99 442 191 507 mox
204 423 332 502 statuit
356 425 477 498 morbi
503 424 628 499 focum
657 424 880 503 &fomitem
904 424 977 501 effe
999 449 1163 521 quaeren·

99 524 210 614 tium,
230 546 285 598 eo
302 522 440 598 scilicet
463 523 602 611 modo,
627 536 669 596 ut
689 521 855 617 viscidae,
883 547 951 619 qua
973 529 1162 602 ventricu·
1229 518 1242 559 '

99 624 169 700 iotis
187 628 397 735 'auguratus
426 620 497 695 fuit
533 621 723 705 onustum,
756 623 898 698 blenoae
925 644 1031 719 pars,
1057 626 1162 700 dieu

99 720 203 796 febre
234 722 370 801 libera,
407 719 543 811 aliqua,
576 720 699 811 nescio
729 742 816 811 qua,
850 724 995 794 ratione
1027 723 1161 815 soluta,

99 818 209 913 inque
240 818 444 915 sanguinem
468 812 672 910 absorpta,
712 818 946 912 paroxysmos
981 821 1164 893 excitaret

99 916 290 1015 periodice
309 928 555 989 revertentes.
608 913 746 1003 Hujus,
773 915 810 989 in
832 937 988 1012 genere,
1016 912 1164 1009 opinio·

99 1014 150 1091 nh
181 1012 407 1101 senatores,
442 1036 508 1105 qua
541 1009 789 1105 specialiorem
823 1014 917 1087 iilius
948 1015 1163 1113 explicatio·

99 1128 193 1198 mr,
216 1112 328 1183 vario
343 1108 509 1183 videmus
525 1109 757 1184 deflectentes
774 1111 900 1187 modo.
940 1111 1013 1198 Sic,
1036 1114 1163 1193 bruun

99 1213 137 1287 lt
151 1215 183 1303 ir
214 1211 287 1283 Bor
307 1207 519 1280 SYLVIUS
538 1201 601 1297 b),
629 1230 656 1280 a
681 1209 838 1281 valvulis
868 1209 905 1282 in
938 1209 1044 1284 dutiu
1074 1234 1164 1301 pan·

99 1308 266 1389 creatico
301 1306 344 1379 ad
379 1319 525 1397 tempus
570 1304 783 1394 obstruitis,
822 1306 969 1380 febriies
1010 1307 1165 1382 deduxit

99 1420 255 1485 notust
272 1406 421 1501 ejusque
445 1403 554 1475 etiarn
579 1403 778 1495 adstipulari
801 1404 947 1478 videtur
975 1403 1164 1480 affertioni

99 1510 175 1583 mr.
201 1504 357 1578 Democr.
381 1496 636 1574 DIPPELIUS
656 1493 713 1590 c),
735 1501 823 1576 iicet
849 1504 971 1597 paullo
995 1502 1162 1578 subtilius

99 1604 190 1677 uram
225 1600 394 1694 expolire
424 1598 535 1672 fuerit
570 1613 737 1675 conatus.
808 1600 869 1674 Tu
900 1599 1165 1675 WlLLISIUS

99 1702 249 1799 rhyiunr
271 1697 435 1782 acidum,
462 1710 581 1769 totam
608 1695 785 1791 sanguinis
809 1697 975 1781 maffarn,
1003 1699 1165 1774 fermen-

99 1794 274 1892 to'quafi
311 1794 583 1891 inquirentem,
617 1795 794 1891 originem
835 1797 954 1890 posuit
992 1812 1164 1873 motuum

99 1894 234 1991 horum
256 1892 462 1978 febriliumt
494 1914 564 1967 nec
580 1914 702 1985 parum
718 1893 855 1966 abludit
880 1897 987 1989 Stepb.
1006 1894 1166 1968 BLAN-

99 1990 306 2071 CARDUS
327 1988 390 2080 d),
417 1989 475 2082 qui
504 2013 548 2063 ex
572 1980 821 2064 aiiimilatione
848 1992 943 2082 chyii
971 1992 1163 2083 impedita,

101 2084 229 2187 febres
242 2090 357 2165 tradit
376 2088 463 2159 oriri
482 2085 787 2160 intermittentes.
830 2082 1166 2180 FERNELIUSt)

99 2186 257 2283 'umine
290 2182 601 2273 calvulum,
645 2184 761 2259 abile
790 2183 1027 2260 induodeno
1058 2185 1165 2263 nidu-

99 2286 241 2461 ἣτις
268 2288 343 2363 hoc
376 2285 589 2360 moruorum
625 2304 738 2380 genus
774 2282 956 2376 excitari,
991 2283 1186 2359 hariolati‘

196 2518 410 2596 Sententias
432 2518 587 2606 horum,
612 2531 655 2592 ut
679 2518 808 2595 mirum
826 2520 863 2595 in
885 2517 1035 2593 modurn
1060 2518 1168 2592 abso·¹

99 2643 178 2717 nas,
191 2621 313 2715 plane
333 2617 476 2710 quidem
498 2616 682 2691 Fastidiunt
704 2618 755 2689 illi
776 2616 1081 2709 Neotericorum,
1100 2616 1165 2708 qui

99 2720 340 2819 generalem,
377 2716 421 2788 de
451 2714 605 2789 febrium
641 2715 965 2789 intermittentium
1005 2714 1164 2810 origine,

99 2816 309 2915 garennam,
352 2835 418 2908 per
447 2812 540 2886 vitia
572 2813 760 2908 inprimis
790 2813 862 2887 viis
897 2812 1164 2906 explicabilem,

100 2908 320 3013 ¹,giurittunt
388 2910 429 2986 In
463 2911 673 3007 dogmatum
706 2911 850 2984 suorum
886 2904 1164 2982 demonstranda

100 3014 290 3111 peritate,
326 3010 431 3084 aliam
455 3002 593 3104 ingressi
620 3008 700 3082 sunt
731 3009 848 3093 viam,
872 3029 918 3080 ex
941 3005 1165 3099 symptoma-

99 3110 204 3205 sstiirus
239 3109 494 3184 &curatione
526 3108 666 3197 morbi,
714 3121 924 3203 argumenta
959 3104 1163 3197 capientes.

99 3208 189 3311 (sic,
222 3210 287 3282 tibi
312 3212 579 3304 inuppetentiam,
614 3207 786 3302 teutiscam,
817 3211 995 3292 cornuum,
1028 3205 1162 3294 rufius,

99 3310 226 3405 ,tnguae
237 3307 386 3404 saporem
406 3304 615 3401 perversum,
631 3304 743 3399 sttim,
768 3310 947 3378 anxietates
967 3303 1164 3397 precudiu-

139 3418 147 3451 ·’
1075 3422 1164 3486 rum,
1191 3412 1220 3492 g

99 3576 182 3693 ¹¹5)
199 3606 288 3683 Pras.
313 3598 426 3668 Medic.
454 3603 499 3673 id.
521 3616 594 3663 nov.
617 3609 704 3681 1⁶⁶7·

109 3704 121 3801 Ιζ
146 3714 180 3795 c)
199 3708 304 3779 Motb,
318 3704 360 3771 'ot'
372 3708 517 3770 Medicin.
540 3712 613 3770 vitae
632 3708 748 3773 animal.
781 3725 810 3782 p.
824 3718 880 3792 75,
899 3709 949 3788 76,

118 3814 122 3819 ’
148 3812 187 3904 l)
213 3822 250 3880 de
278 3819 386 3880 abditis
410 3833 507 3879 rerum
533 3815 632 3879 cauffis
658 3815 692 3880 L.
708 3801 746 3882 11'.
769 3823 859 3897 1548.

148 3931 182 4009 e)
206 3930 310 3993 Lexic,
332 3925 446 3988 Medic.

106 4023 382 4137 ..gruta-tau
439 4070 470 4113 r
626 4048 643 4075 -·
698 4015 737 4099 K
784 4119 795 4134 Α
884 4137 888 4149 ’
