<?xml version="1.0" encoding="UTF-8"?>
<!DOCTYPE html PUBLIC "-//W3C//DTD XHTML 1.0 Transitional//EN"
    "http://www.w3.org/TR/xhtml1/DTD/xhtml1-transitional.dtd">
<html xmlns="http://www.w3.org/1999/xhtml" xml:lang="en" lang="en">
 <head>
  <title>
</title>
<meta http-equiv="Content-Type" content="text/html;charset=utf-8" />
  <meta name='ocr-system' content='tesseract 3.04.00' />
  <meta name='ocr-capabilities' content='ocr_page ocr_carea ocr_par ocr_line ocrx_word'/>
</head>
<body>
  <div class='ocr_page' id='page_1' title='image "./carolialinnequi00schrgoog_0283.png"; bbox 0 0 2602 4702; ppageno 0'>
   <div class='ocr_carea' id='block_1_1' title="bbox 125 198 1006 371">
    <p class='ocr_par' dir='ltr' id='par_1_1' title="bbox 125 198 1006 371">
     <span class='ocr_line' id='line_1_1' title="bbox 125 198 1006 371; baseline -0.008 -28"><span class='ocrx_word' id='word_1_1' title='bbox 125 286 220 371; x_wconf 60' lang='lat'>274⁸</span> <span class='ocrx_word' id='word_1_2' title='bbox 294 198 626 344; x_wconf 76' lang='lat' dir='ltr'>rrusnnamo</span> <span class='ocrx_word' id='word_1_3' title='bbox 667 253 1006 336; x_wconf 78' lang='lat' dir='ltr'>rumusnrtrr.</span> 
     </span>
    </p>
   </div>
   <div class='ocr_carea' id='block_1_2' title="bbox 123 439 1211 618">
    <p class='ocr_par' dir='ltr' id='par_1_2' title="bbox 123 439 1211 618">
     <span class='ocr_line' id='line_1_2' title="bbox 125 439 1211 615; baseline -0.006 -96"><span class='ocrx_word' id='word_1_4' title='bbox 125 441 263 615; x_wconf 52' lang='grc' dir='ltr'>ιυὲιάᾀ</span> <span class='ocrx_word' id='word_1_5' title='bbox 282 439 478 515; x_wconf 82' lang='lat' dir='ltr'>moderata</span> <span class='ocrx_word' id='word_1_6' title='bbox 510 460 649 515; x_wconf 88' lang='lat' dir='ltr'>venere</span> <span class='ocrx_word' id='word_1_7' title='bbox 679 439 803 536; x_wconf 83' lang='lat' dir='ltr'>augeri</span> <span class='ocrx_word' id='word_1_8' title='bbox 832 458 1041 535; x_wconf 78' lang='lat' dir='ltr'>corpusque</span> <span class='ocrx_word' id='word_1_9' title='bbox 1064 439 1168 521; x_wconf 79' lang='lat' dir='ltr'>leviat</span> <span class='ocrx_word' id='word_1_10' title='bbox 1210 480 1211 488; x_wconf 23' lang='grc' dir='ltr'><strong><em>κ</em></strong></span> 
     </span>
     <span class='ocr_line' id='line_1_3' title="bbox 123 562 478 618; baseline -0.039 1"><span class='ocrx_word' id='word_1_11' title='bbox 123 562 163 618; x_wconf 89' lang='lat' dir='ltr'>re</span> <span class='ocrx_word' id='word_1_12' title='bbox 214 565 240 613; x_wconf 77' lang='lat' dir='ltr'>u</span> <span class='ocrx_word' id='word_1_13' title='bbox 459 576 478 615; x_wconf 87' lang='grc'><strong>.</strong></span> 
     </span>
    </p>
   </div>
   <div class='ocr_carea' id='block_1_3' title="bbox 116 732 1211 2574">
    <p class='ocr_par' dir='ltr' id='par_1_3' title="bbox 116 732 1211 2574">
     <span class='ocr_line' id='line_1_4' title="bbox 220 732 1211 835; baseline 0.002 -24"><span class='ocrx_word' id='word_1_14' title='bbox 220 738 400 811; x_wconf 68' lang='lat' dir='ltr'>Praeterea</span> <span class='ocrx_word' id='word_1_15' title='bbox 418 732 516 827; x_wconf 87' lang='lat' dir='ltr'>quod</span> <span class='ocrx_word' id='word_1_16' title='bbox 536 733 662 809; x_wconf 78' lang='lat' dir='ltr'>caussae</span> <span class='ocrx_word' id='word_1_17' title='bbox 678 735 1174 835; x_wconf 77' lang='lat' dir='ltr'>jamexpositaeperspiratio</span> <span class='ocrx_word' id='word_1_18' title='bbox 1206 770 1211 820; x_wconf 67' lang='lat' dir='ltr'>i</span> 
     </span>
     <span class='ocr_line' id='line_1_5' title="bbox 124 834 1211 932; baseline 0 -20"><span class='ocrx_word' id='word_1_19' title='bbox 124 854 210 912; x_wconf 88' lang='lat' dir='ltr'>nem</span> <span class='ocrx_word' id='word_1_20' title='bbox 239 834 381 928; x_wconf 83' lang='lat' dir='ltr'>optime</span> <span class='ocrx_word' id='word_1_21' title='bbox 403 834 560 925; x_wconf 76' lang='lat' dir='ltr'>juvent,</span> <span class='ocrx_word' id='word_1_22' title='bbox 588 834 742 907; x_wconf 89' lang='lat' dir='ltr'>ulterius</span> <span class='ocrx_word' id='word_1_23' title='bbox 769 834 923 911; x_wconf 89' lang='lat' dir='ltr'>eandem</span> <span class='ocrx_word' id='word_1_24' title='bbox 955 848 1175 932; x_wconf 82' lang='lat' dir='ltr'>promovent</span> <span class='ocrx_word' id='word_1_25' title='bbox 1209 876 1211 899; x_wconf 65' lang='grc' dir='ltr'>ι</span> 
     </span>
     <span class='ocr_line' id='line_1_6' title="bbox 122 930 1176 1028; baseline -0.001 -17"><span class='ocrx_word' id='word_1_26' title='bbox 122 932 313 1011; x_wconf 83' lang='lat' dir='ltr'>mundatio</span> <span class='ocrx_word' id='word_1_27' title='bbox 334 930 452 1003; x_wconf 84' lang='lat' dir='ltr'>totius</span> <span class='ocrx_word' id='word_1_28' title='bbox 470 931 588 1018; x_wconf 85' lang='lat' dir='ltr'>cutis,</span> <span class='ocrx_word' id='word_1_29' title='bbox 613 953 692 1024; x_wconf 83' lang='lat' dir='ltr'>quae</span> <span class='ocrx_word' id='word_1_30' title='bbox 709 931 850 1025; x_wconf 91' lang='lat' dir='ltr'>optime</span> <span class='ocrx_word' id='word_1_31' title='bbox 860 935 1089 1028; x_wconf 80' lang='lat' dir='ltr'>vaporibus,</span> <span class='ocrx_word' id='word_1_32' title='bbox 1112 936 1176 1010; x_wconf 75' lang='lat' dir='ltr'>bri</span> 
     </span>
     <span class='ocr_line' id='line_1_7' title="bbox 123 1028 1211 1131; baseline 0.002 -22"><span class='ocrx_word' id='word_1_33' title='bbox 123 1033 231 1120; x_wconf 80' lang='lat' dir='ltr'>ateis,-</span> <span class='ocrx_word' id='word_1_34' title='bbox 276 1028 479 1103; x_wconf 86' lang='lat' dir='ltr'>lotionibus</span> <span class='ocrx_word' id='word_1_35' title='bbox 520 1028 672 1119; x_wconf 62' lang='lat' dir='ltr'>calidis,</span> <span class='ocrx_word' id='word_1_36' title='bbox 710 1029 937 1105; x_wconf 76' lang='lat' dir='ltr'>sriiliombur</span> <span class='ocrx_word' id='word_1_37' title='bbox 974 1032 1178 1131; x_wconf 82' lang='lat' dir='ltr'>peragitur,-</span> <span class='ocrx_word' id='word_1_38' title='bbox 1209 1102 1211 1112; x_wconf 32' lang='lat' dir='ltr'>r</span> 
     </span>
     <span class='ocr_line' id='line_1_8' title="bbox 124 1116 1176 1225; baseline 0.004 -21"><span class='ocrx_word' id='word_1_39' title='bbox 124 1152 202 1225; x_wconf 81' lang='lat' dir='ltr'>quae</span> <span class='ocrx_word' id='word_1_40' title='bbox 218 1128 292 1202; x_wconf 90' lang='lat' dir='ltr'>vim</span> <span class='ocrx_word' id='word_1_41' title='bbox 306 1126 400 1201; x_wconf 84' lang='lat' dir='ltr'>snam</span> <span class='ocrx_word' id='word_1_42' title='bbox 419 1126 521 1199; x_wconf 71' lang='lat' dir='ltr'>simul</span> <span class='ocrx_word' id='word_1_43' title='bbox 538 1116 763 1200; x_wconf 73' lang='lat' dir='ltr'>relaxitione</span> <span class='ocrx_word' id='word_1_44' title='bbox 776 1130 940 1223; x_wconf 82' lang='lat' dir='ltr'>omnium</span> <span class='ocrx_word' id='word_1_45' title='bbox 949 1130 1176 1208; x_wconf 82' lang='lat' dir='ltr'>vasculorum</span> 
     </span>
     <span class='ocr_line' id='line_1_9' title="bbox 124 1221 1175 1307; baseline 0.002 -5"><span class='ocrx_word' id='word_1_46' title='bbox 124 1229 160 1302; x_wconf 79' lang='lat' dir='ltr'>dt</span> <span class='ocrx_word' id='word_1_47' title='bbox 188 1240 428 1303; x_wconf 83' lang='lat' dir='ltr'>eutaneorum</span> <span class='ocrx_word' id='word_1_48' title='bbox 456 1221 490 1296; x_wconf 81' lang='lat' dir='ltr'>dt</span> <span class='ocrx_word' id='word_1_49' title='bbox 517 1225 818 1300; x_wconf 88' lang='lat' dir='ltr'>subcutaneorum</span> <span class='ocrx_word' id='word_1_50' title='bbox 852 1228 1051 1307; x_wconf 87' lang='lat' dir='ltr'><strong>exhibent.</strong></span> <span class='ocrx_word' id='word_1_51' title='bbox 1108 1228 1175 1304; x_wconf 86' lang='lat' dir='ltr'>Fri·</span> 
     </span>
     <span class='ocr_line' id='line_1_10' title="bbox 123 1322 1173 1422; baseline 0.001 -19"><span class='ocrx_word' id='word_1_52' title='bbox 123 1323 266 1403; x_wconf 71' lang='lat' dir='ltr'>tirones</span> <span class='ocrx_word' id='word_1_53' title='bbox 304 1322 470 1420; x_wconf 81' lang='lat' dir='ltr'>augendo</span> <span class='ocrx_word' id='word_1_54' title='bbox 508 1325 668 1396; x_wconf 87' lang='lat' dir='ltr'>calorem</span> <span class='ocrx_word' id='word_1_55' title='bbox 704 1323 804 1413; x_wconf 87' lang='lat' dir='ltr'>loci,</span> <span class='ocrx_word' id='word_1_56' title='bbox 843 1324 1029 1402; x_wconf 76' lang='lat' dir='ltr'>humores</span> <span class='ocrx_word' id='word_1_57' title='bbox 1064 1327 1173 1422; x_wconf 81' lang='lat' dir='ltr'>impet·</span> 
     </span>
     <span class='ocr_line' id='line_1_11' title="bbox 123 1419 1174 1522; baseline 0.004 -26"><span class='ocrx_word' id='word_1_58' title='bbox 123 1426 225 1513; x_wconf 88' lang='lat' dir='ltr'>lunt,</span> <span class='ocrx_word' id='word_1_59' title='bbox 255 1434 469 1509; x_wconf 72' lang='lat' dir='ltr'>attenuant,</span> <span class='ocrx_word' id='word_1_60' title='bbox 495 1419 673 1498; x_wconf 73' lang='lat' dir='ltr'>obstructa</span> <span class='ocrx_word' id='word_1_61' title='bbox 687 1421 846 1498; x_wconf 88' lang='lat' dir='ltr'>solvunt.</span> <span class='ocrx_word' id='word_1_62' title='bbox 891 1421 1033 1499; x_wconf 86' lang='lat' dir='ltr'>Cauffis</span> <span class='ocrx_word' id='word_1_63' title='bbox 1058 1425 1174 1522; x_wconf 88' lang='lat' dir='ltr'>perspi·</span> 
     </span>
     <span class='ocr_line' id='line_1_12' title="bbox 124 1518 1172 1621; baseline 0.003 -25"><span class='ocrx_word' id='word_1_64' title='bbox 124 1526 306 1596; x_wconf 87' lang='lat' dir='ltr'>rationem</span> <span class='ocrx_word' id='word_1_65' title='bbox 323 1519 630 1614; x_wconf 79' lang='lat' dir='ltr'>promoventibus</span> <span class='ocrx_word' id='word_1_66' title='bbox 646 1520 695 1601; x_wconf 86' lang='lat' dir='ltr'>fic</span> <span class='ocrx_word' id='word_1_67' title='bbox 713 1518 916 1594; x_wconf 86' lang='lat' dir='ltr'>breviffinie</span> <span class='ocrx_word' id='word_1_68' title='bbox 938 1524 1089 1615; x_wconf 80' lang='lat' dir='ltr'>allatis,</span> <span class='ocrx_word' id='word_1_69' title='bbox 1110 1527 1172 1621; x_wconf 84' lang='lat' dir='ltr'>jam</span> 
     </span>
     <span class='ocr_line' id='line_1_13' title="bbox 117 1615 1168 1717; baseline 0.004 -24"><span class='ocrx_word' id='word_1_70' title='bbox 117 1620 203 1709; x_wconf 83' lang='lat' dir='ltr'>¹aliae</span> <span class='ocrx_word' id='word_1_71' title='bbox 215 1632 293 1692; x_wconf 88' lang='lat' dir='ltr'>eam</span> <span class='ocrx_word' id='word_1_72' title='bbox 309 1617 551 1693; x_wconf 82' lang='lat' dir='ltr'>diminuentes</span> <span class='ocrx_word' id='word_1_73' title='bbox 568 1615 819 1711; x_wconf 78' lang='lat' dir='ltr'>subjungenda</span> <span class='ocrx_word' id='word_1_74' title='bbox 838 1619 994 1711; x_wconf 85' lang='lat' dir='ltr'>forent3</span> <span class='ocrx_word' id='word_1_75' title='bbox 1021 1620 1083 1697; x_wconf 91' lang='lat' dir='ltr'>sed</span> <span class='ocrx_word' id='word_1_76' title='bbox 1094 1642 1168 1717; x_wconf 74' lang='lat' dir='ltr'>pre·</span> 
     </span>
     <span class='ocr_line' id='line_1_14' title="bbox 116 1712 1161 1807; baseline 0.002 -17"><span class='ocrx_word' id='word_1_77' title='bbox 116 1733 285 1807; x_wconf 82' lang='lat' dir='ltr'>terquam</span> <span class='ocrx_word' id='word_1_78' title='bbox 310 1714 408 1806; x_wconf 91' lang='lat' dir='ltr'>quod</span> <span class='ocrx_word' id='word_1_79' title='bbox 438 1712 567 1805; x_wconf 91' lang='lat' dir='ltr'>cuique</span> <span class='ocrx_word' id='word_1_80' title='bbox 596 1715 816 1787; x_wconf 84' lang='lat' dir='ltr'>concludere</span> <span class='ocrx_word' id='word_1_81' title='bbox 849 1717 966 1791; x_wconf 84' lang='lat' dir='ltr'>liceat</span> <span class='ocrx_word' id='word_1_82' title='bbox 997 1719 1161 1795; x_wconf 81' lang='lat' dir='ltr'>recruitir</span> 
     </span>
     <span class='ocr_line' id='line_1_15' title="bbox 121 1810 1159 1909; baseline 0.002 -22"><span class='ocrx_word' id='word_1_83' title='bbox 121 1813 305 1887; x_wconf 81' lang='lat' dir='ltr'>contraria</span> <span class='ocrx_word' id='word_1_84' title='bbox 339 1813 415 1886; x_wconf 90' lang='lat' dir='ltr'>vim</span> <span class='ocrx_word' id='word_1_85' title='bbox 445 1810 579 1883; x_wconf 90' lang='lat' dir='ltr'>inferre</span> <span class='ocrx_word' id='word_1_86' title='bbox 605 1814 848 1903; x_wconf 88' lang='lat' dir='ltr'>contrariam,</span> <span class='ocrx_word' id='word_1_87' title='bbox 877 1837 1013 1893; x_wconf 87' lang='lat' dir='ltr'>earum</span> <span class='ocrx_word' id='word_1_88' title='bbox 1042 1815 1159 1909; x_wconf 76' lang='lat' dir='ltr'>bittit</span> 
     </span>
     <span class='ocr_line' id='line_1_16' title="bbox 122 1909 1176 2009; baseline 0.007 -25"><span class='ocrx_word' id='word_1_89' title='bbox 122 1913 225 1986; x_wconf 88' lang='lat' dir='ltr'>illinc</span> <span class='ocrx_word' id='word_1_90' title='bbox 264 1909 491 1985; x_wconf 81' lang='lat' dir='ltr'>mentionem</span> <span class='ocrx_word' id='word_1_91' title='bbox 538 1910 755 1998; x_wconf 80' lang='lat' dir='ltr'>intulimus,</span> <span class='ocrx_word' id='word_1_92' title='bbox 798 1912 891 1985; x_wconf 89' lang='lat' dir='ltr'>adeo</span> <span class='ocrx_word' id='word_1_93' title='bbox 922 1924 973 1988; x_wconf 89' lang='lat' dir='ltr'>ut</span> <span class='ocrx_word' id='word_1_94' title='bbox 1013 1930 1082 1990; x_wconf 79' lang='lat' dir='ltr'>eas</span> <span class='ocrx_word' id='word_1_95' title='bbox 1108 1917 1176 2009; x_wconf 72' lang='lat' dir='ltr'>ian,</span> 
     </span>
     <span class='ocr_line' id='line_1_17' title="bbox 121 2007 1192 2103; baseline -0.001 -19"><span class='ocrx_word' id='word_1_96' title='bbox 121 2029 413 2084; x_wconf 89' lang='lat' dir='ltr'>commemorare</span> <span class='ocrx_word' id='word_1_97' title='bbox 447 2007 683 2094; x_wconf 82' lang='lat' dir='ltr'>omittamus3</span> <span class='ocrx_word' id='word_1_98' title='bbox 719 2009 837 2083; x_wconf 91' lang='lat' dir='ltr'>verbo</span> <span class='ocrx_word' id='word_1_99' title='bbox 866 2023 1000 2088; x_wconf 85' lang='lat' dir='ltr'>tamen</span> <span class='ocrx_word' id='word_1_100' title='bbox 1031 2016 1192 2103; x_wconf 19' lang='lat' dir='ltr'>monere,</span> 
     </span>
     <span class='ocr_line' id='line_1_18' title="bbox 116 2104 1171 2209; baseline 0.004 -29"><span class='ocrx_word' id='word_1_101' title='bbox 116 2111 259 2203; x_wconf 78' lang='lat' dir='ltr'>Juvat,</span> <span class='ocrx_word' id='word_1_102' title='bbox 281 2105 576 2200; x_wconf 90' lang='lat' dir='ltr'>perspirationem</span> <span class='ocrx_word' id='word_1_103' title='bbox 612 2104 746 2195; x_wconf 90' lang='lat' dir='ltr'>minui,</span> <span class='ocrx_word' id='word_1_104' title='bbox 783 2127 855 2199; x_wconf 91' lang='lat' dir='ltr'>quo</span> <span class='ocrx_word' id='word_1_105' title='bbox 885 2109 1007 2206; x_wconf 85' lang='lat' dir='ltr'>magis</span> <span class='ocrx_word' id='word_1_106' title='bbox 1041 2112 1171 2209; x_wconf 79' lang='lat' dir='ltr'>relique</span> 
     </span>
     <span class='ocr_line' id='line_1_19' title="bbox 118 2202 1171 2305; baseline 0.003 -27"><span class='ocrx_word' id='word_1_107' title='bbox 118 2202 352 2279; x_wconf 68' lang='lat' dir='ltr'>exorationes</span> <span class='ocrx_word' id='word_1_108' title='bbox 384 2215 584 2298; x_wconf 88' lang='lat' dir='ltr'>augentur,</span> <span class='ocrx_word' id='word_1_109' title='bbox 621 2215 782 2276; x_wconf 82' lang='lat' dir='ltr'>attamen</span> <span class='ocrx_word' id='word_1_110' title='bbox 814 2207 1080 2301; x_wconf 86' lang='lat' dir='ltr'>observando,</span> <span class='ocrx_word' id='word_1_111' title='bbox 1104 2230 1171 2305; x_wconf 90' lang='lat' dir='ltr'>pur·</span> 
     </span>
     <span class='ocr_line' id='line_1_20' title="bbox 119 2300 1171 2405; baseline 0.003 -29"><span class='ocrx_word' id='word_1_112' title='bbox 119 2300 240 2398; x_wconf 80' lang='lat' dir='ltr'>gantia</span> <span class='ocrx_word' id='word_1_113' title='bbox 255 2300 551 2395; x_wconf 86' lang='lat' dir='ltr'>perspirationem</span> <span class='ocrx_word' id='word_1_114' title='bbox 569 2301 669 2373; x_wconf 83' lang='lat' dir='ltr'>srmul</span> <span class='ocrx_word' id='word_1_115' title='bbox 682 2322 926 2394; x_wconf 88' lang='lat' dir='ltr'>promovere,</span> <span class='ocrx_word' id='word_1_116' title='bbox 955 2307 985 2383; x_wconf 88' lang='lat' dir='ltr'>sr</span> <span class='ocrx_word' id='word_1_117' title='bbox 1004 2305 1171 2405; x_wconf 73' lang='lat' dir='ltr'>suppressa</span> 
     </span>
     <span class='ocr_line' id='line_1_21' title="bbox 117 2397 1168 2498; baseline 0.005 -26"><span class='ocrx_word' id='word_1_118' title='bbox 117 2400 169 2472; x_wconf 89' lang='lat' dir='ltr'>est</span> <span class='ocrx_word' id='word_1_119' title='bbox 194 2421 213 2471; x_wconf 92' lang='lat' dir='ltr'>a</span> <span class='ocrx_word' id='word_1_120' title='bbox 237 2408 411 2492; x_wconf 82' lang='lat' dir='ltr'>corrupta</span> <span class='ocrx_word' id='word_1_121' title='bbox 442 2398 594 2473; x_wconf 85' lang='lat' dir='ltr'>materia</span> <span class='ocrx_word' id='word_1_122' title='bbox 622 2397 810 2494; x_wconf 89' lang='lat' dir='ltr'>inprimis</span> <span class='ocrx_word' id='word_1_123' title='bbox 838 2403 938 2498; x_wconf 83' lang='lat' dir='ltr'>viis,</span> <span class='ocrx_word' id='word_1_124' title='bbox 977 2421 1024 2482; x_wconf 89' lang='lat' dir='ltr'>ut</span> <span class='ocrx_word' id='word_1_125' title='bbox 1054 2417 1168 2483; x_wconf 87' lang='lat' dir='ltr'>monet</span> 
     </span>
     <span class='ocr_line' id='line_1_22' title="bbox 116 2499 1174 2574; baseline 0.001 -2"><span class='ocrx_word' id='word_1_126' title='bbox 116 2500 154 2572; x_wconf 79' lang='lat' dir='ltr'>de</span> <span class='ocrx_word' id='word_1_127' title='bbox 184 2499 315 2574; x_wconf 84' lang='lat' dir='ltr'>Gorter.</span> <span class='ocrx_word' id='word_1_128' title='bbox 935 2548 938 2553; x_wconf 92' lang='lat'>-</span> <span class='ocrx_word' id='word_1_129' title='bbox 978 2526 984 2533; x_wconf 89' lang='lat'>·</span> <span class='ocrx_word' id='word_1_130' title='bbox 1171 2514 1174 2519; x_wconf 81' lang='grc'><strong><em>·</em></strong></span> 
     </span>
    </p>
   </div>
   <div class='ocr_carea' id='block_1_4' title="bbox 545 2704 720 2810">
    <p class='ocr_par' dir='ltr' id='par_1_4' title="bbox 545 2704 720 2810">
     <span class='ocr_line' id='line_1_23' title="bbox 545 2704 720 2810; baseline -0.011 -22"><span class='ocrx_word' id='word_1_131' title='bbox 545 2705 596 2810; x_wconf 68' lang='lat' dir='ltr'>u.</span> <span class='ocrx_word' id='word_1_132' title='bbox 663 2704 720 2787; x_wconf 83' lang='lat' dir='ltr'>u.</span> 
     </span>
    </p>
   </div>
   <div class='ocr_carea' id='block_1_5' title="bbox 92 2879 1174 4057">
    <p class='ocr_par' dir='ltr' id='par_1_5' title="bbox 92 2879 1174 4057">
     <span class='ocr_line' id='line_1_24' title="bbox 171 2879 1174 2982; baseline 0.007 -27"><span class='ocrx_word' id='word_1_133' title='bbox 171 2916 190 2943; x_wconf 52' lang='grc' dir='ltr'>κ</span> <span class='ocrx_word' id='word_1_134' title='bbox 209 2879 526 2977; x_wconf 86' lang='lat' dir='ltr'>Quemadmodum</span> <span class='ocrx_word' id='word_1_135' title='bbox 564 2883 827 2979; x_wconf 88' lang='lat' dir='ltr'>perspiratione</span> <span class='ocrx_word' id='word_1_136' title='bbox 864 2882 1009 2979; x_wconf 82' lang='lat' dir='ltr'>optime</span> <span class='ocrx_word' id='word_1_137' title='bbox 1049 2902 1174 2982; x_wconf 77' lang='lat' dir='ltr'>proce·</span> 
     </span>
     <span class='ocr_line' id='line_1_25' title="bbox 113 2976 1168 3079; baseline 0.006 -25"><span class='ocrx_word' id='word_1_138' title='bbox 113 2976 246 3070; x_wconf 83' lang='lat' dir='ltr'>dente,</span> <span class='ocrx_word' id='word_1_139' title='bbox 288 3001 421 3074; x_wconf 88' lang='lat' dir='ltr'>corpus</span> <span class='ocrx_word' id='word_1_140' title='bbox 457 2984 598 3073; x_wconf 83' lang='lat' dir='ltr'>alacre,</span> <span class='ocrx_word' id='word_1_141' title='bbox 638 2981 884 3078; x_wconf 83' lang='lat' dir='ltr'>agilissimum,</span> <span class='ocrx_word' id='word_1_142' title='bbox 924 3000 1168 3079; x_wconf 85' lang='lat' dir='ltr'>vegetumque</span> 
     </span>
     <span class='ocr_line' id='line_1_26' title="bbox 111 3078 1170 3174; baseline 0.006 -24"><span class='ocrx_word' id='word_1_143' title='bbox 111 3078 347 3171; x_wconf 81' lang='lat' dir='ltr'>perspicitur3</span> <span class='ocrx_word' id='word_1_144' title='bbox 380 3080 432 3151; x_wconf 89' lang='lat' dir='ltr'>ita</span> <span class='ocrx_word' id='word_1_145' title='bbox 455 3079 715 3173; x_wconf 85' lang='lat' dir='ltr'>perspiratione</span> <span class='ocrx_word' id='word_1_146' title='bbox 747 3081 807 3151; x_wconf 89' lang='lat' dir='ltr'>vel</span> <span class='ocrx_word' id='word_1_147' title='bbox 840 3079 1019 3174; x_wconf 79' lang='lat' dir='ltr'>suppressa</span> <span class='ocrx_word' id='word_1_148' title='bbox 1045 3085 1107 3156; x_wconf 90' lang='lat' dir='ltr'>vel</span> <span class='ocrx_word' id='word_1_149' title='bbox 1125 3080 1170 3155; x_wconf 87' lang='lat' dir='ltr'>di·</span> 
     </span>
     <span class='ocr_line' id='line_1_27' title="bbox 110 3174 1168 3280; baseline 0.008 -33"><span class='ocrx_word' id='word_1_150' title='bbox 110 3174 272 3267; x_wconf 88' lang='lat' dir='ltr'>minuta,</span> <span class='ocrx_word' id='word_1_151' title='bbox 302 3180 435 3270; x_wconf 79' lang='lat' dir='ltr'>graue,</span> <span class='ocrx_word' id='word_1_152' title='bbox 463 3177 669 3270; x_wconf 89' lang='lat' dir='ltr'>torpidum,</span> <span class='ocrx_word' id='word_1_153' title='bbox 706 3177 854 3266; x_wconf 83' lang='lat' dir='ltr'>lassum,</span> <span class='ocrx_word' id='word_1_154' title='bbox 880 3177 1068 3280; x_wconf 84' lang='lat' dir='ltr'>sentitur,</span> <span class='ocrx_word' id='word_1_155' title='bbox 1093 3198 1168 3255; x_wconf 84' lang='lat' dir='ltr'>cunr</span> 
     </span>
     <span class='ocr_line' id='line_1_28' title="bbox 109 3271 1168 3373; baseline 0.007 -28"><span class='ocrx_word' id='word_1_156' title='bbox 109 3271 272 3346; x_wconf 86' lang='lat' dir='ltr'>sensuum</span> <span class='ocrx_word' id='word_1_157' title='bbox 297 3274 545 3362; x_wconf 84' lang='lat' dir='ltr'>hebetudine;</span> <span class='ocrx_word' id='word_1_158' title='bbox 583 3276 664 3349; x_wconf 84' lang='lat' dir='ltr'>fiin</span> <span class='ocrx_word' id='word_1_159' title='bbox 691 3289 795 3368; x_wconf 87' lang='lat' dir='ltr'>parte</span> <span class='ocrx_word' id='word_1_160' title='bbox 822 3276 973 3368; x_wconf 86' lang='lat' dir='ltr'>quadam</span> <span class='ocrx_word' id='word_1_161' title='bbox 1004 3277 1168 3373; x_wconf 68' lang='lat' dir='ltr'>corporis</span> 
     </span>
     <span class='ocr_line' id='line_1_29' title="bbox 110 3367 1169 3471; baseline 0.01 -31"><span class='ocrx_word' id='word_1_162' title='bbox 110 3367 265 3443; x_wconf 83' lang='lat' dir='ltr'>seorsum</span> <span class='ocrx_word' id='word_1_163' title='bbox 294 3370 505 3465; x_wconf 89' lang='lat' dir='ltr'>perspiratio</span> <span class='ocrx_word' id='word_1_164' title='bbox 532 3367 738 3464; x_wconf 77' lang='lat' dir='ltr'>minuitur,</span> <span class='ocrx_word' id='word_1_165' title='bbox 757 3394 800 3445; x_wconf 88' lang='lat' dir='ltr'>ea</span> <span class='ocrx_word' id='word_1_166' title='bbox 825 3394 904 3465; x_wconf 85' lang='lat' dir='ltr'>pars</span> <span class='ocrx_word' id='word_1_167' title='bbox 928 3376 1071 3450; x_wconf 87' lang='lat' dir='ltr'>ceteris</span> <span class='ocrx_word' id='word_1_168' title='bbox 1099 3396 1169 3471; x_wconf 79' lang='lat' dir='ltr'>gra·</span> 
     </span>
     <span class='ocr_line' id='line_1_30' title="bbox 109 3465 1167 3566; baseline 0.009 -30"><span class='ocrx_word' id='word_1_169' title='bbox 109 3465 195 3539; x_wconf 89' lang='lat' dir='ltr'>vior</span> <span class='ocrx_word' id='word_1_170' title='bbox 220 3468 254 3540; x_wconf 81' lang='lat' dir='ltr'>dt</span> <span class='ocrx_word' id='word_1_171' title='bbox 280 3469 451 3542; x_wconf 89' lang='lat' dir='ltr'>hebetior</span> <span class='ocrx_word' id='word_1_172' title='bbox 480 3471 706 3544; x_wconf 87' lang='lat' dir='ltr'>observatur.</span> <span class='ocrx_word' id='word_1_173' title='bbox 757 3469 847 3544; x_wconf 90' lang='lat' dir='ltr'>Cum</span> <span class='ocrx_word' id='word_1_174' title='bbox 882 3470 996 3564; x_wconf 85' lang='lat' dir='ltr'>igitur</span> <span class='ocrx_word' id='word_1_175' title='bbox 1024 3471 1167 3566; x_wconf 84' lang='lat' dir='ltr'>transpi-</span> 
     </span>
     <span class='ocr_line' id='line_1_31' title="bbox 108 3563 1169 3662; baseline 0.009 -28"><span class='ocrx_word' id='word_1_176' title='bbox 108 3563 292 3638; x_wconf 82' lang='lat' dir='ltr'>rationem</span> <span class='ocrx_word' id='word_1_177' title='bbox 330 3565 540 3661; x_wconf 81' lang='lat' dir='ltr'>suppressam</span> <span class='ocrx_word' id='word_1_178' title='bbox 583 3568 721 3662; x_wconf 87' lang='lat' dir='ltr'>semper</span> <span class='ocrx_word' id='word_1_179' title='bbox 764 3568 995 3662; x_wconf 81' lang='lat' dir='ltr'>subsequatur</span> <span class='ocrx_word' id='word_1_180' title='bbox 1012 3570 1169 3645; x_wconf 79' lang='lat' dir='ltr'>&#39;insolita</span> 
     </span>
     <span class='ocr_line' id='line_1_32' title="bbox 109 3662 1168 3761; baseline 0.009 -28"><span class='ocrx_word' id='word_1_181' title='bbox 109 3662 291 3753; x_wconf 83' lang='lat' dir='ltr'>gravitas,</span> <span class='ocrx_word' id='word_1_182' title='bbox 321 3679 474 3756; x_wconf 90' lang='lat' dir='ltr'>torpor,</span> <span class='ocrx_word' id='word_1_183' title='bbox 502 3665 678 3752; x_wconf 75' lang='lat' dir='ltr'>lassitudo,</span> <span class='ocrx_word' id='word_1_184' title='bbox 705 3666 870 3758; x_wconf 89' lang='lat' dir='ltr'>corporis</span> <span class='ocrx_word' id='word_1_185' title='bbox 891 3666 1082 3761; x_wconf 84' lang='lat' dir='ltr'>animique</span> <span class='ocrx_word' id='word_1_186' title='bbox 1100 3672 1168 3743; x_wconf 85' lang='lat' dir='ltr'>lan·</span> 
     </span>
     <span class='ocr_line' id='line_1_33' title="bbox 92 3759 1166 3860; baseline 0.007 -29"><span class='ocrx_word' id='word_1_187' title='bbox 92 3778 224 3853; x_wconf 61' lang='lat' dir='ltr'>„guor,</span> <span class='ocrx_word' id='word_1_188' title='bbox 256 3759 422 3835; x_wconf 88' lang='lat' dir='ltr'>debilitas</span> <span class='ocrx_word' id='word_1_189' title='bbox 451 3763 485 3834; x_wconf 84' lang='lat' dir='ltr'>dt</span> <span class='ocrx_word' id='word_1_190' title='bbox 511 3763 749 3857; x_wconf 88' lang='lat' dir='ltr'>inquietudo,</span> <span class='ocrx_word' id='word_1_191' title='bbox 781 3765 929 3855; x_wconf 89' lang='lat' dir='ltr'>haecque</span> <span class='ocrx_word' id='word_1_192' title='bbox 946 3763 1166 3860; x_wconf 83' lang='lat' dir='ltr'>symptoma-</span> 
     </span>
     <span class='ocr_line' id='line_1_34' title="bbox 104 3855 1166 3958; baseline 0.01 -30"><span class='ocrx_word' id='word_1_193' title='bbox 104 3869 144 3929; x_wconf 88' lang='lat' dir='ltr'>ta</span> <span class='ocrx_word' id='word_1_194' title='bbox 164 3855 244 3929; x_wconf 87' lang='lat' dir='ltr'>fere</span> <span class='ocrx_word' id='word_1_195' title='bbox 261 3879 389 3932; x_wconf 89' lang='lat' dir='ltr'>omnes</span> <span class='ocrx_word' id='word_1_196' title='bbox 413 3861 564 3935; x_wconf 87' lang='lat' dir='ltr'>morbos</span> <span class='ocrx_word' id='word_1_197' title='bbox 584 3861 811 3956; x_wconf 84' lang='lat' dir='ltr'>praecedant,</span> <span class='ocrx_word' id='word_1_198' title='bbox 845 3861 947 3935; x_wconf 90' lang='lat' dir='ltr'>omni</span> <span class='ocrx_word' id='word_1_199' title='bbox 970 3883 1062 3938; x_wconf 89' lang='lat' dir='ltr'>curn</span> <span class='ocrx_word' id='word_1_200' title='bbox 1088 3884 1166 3958; x_wconf 85' lang='lat' dir='ltr'>pro·</span> 
     </span>
     <span class='ocr_line' id='line_1_35' title="bbox 102 3953 1169 4057; baseline 0.007 -28"><span class='ocrx_word' id='word_1_201' title='bbox 102 3953 295 4034; x_wconf 72' lang='lat' dir='ltr'>habilitate</span> <span class='ocrx_word' id='word_1_202' title='bbox 318 3957 538 4035; x_wconf 77' lang='lat' dir='ltr'>concludere</span> <span class='ocrx_word' id='word_1_203' title='bbox 562 3971 738 4057; x_wconf 87' lang='lat' dir='ltr'>oportet,</span> <span class='ocrx_word' id='word_1_204' title='bbox 762 3958 1067 4057; x_wconf 77' lang='lat' dir='ltr'>perspirationem</span> <span class='ocrx_word' id='word_1_205' title='bbox 1091 3956 1169 4055; x_wconf 54' lang='lat' dir='ltr'>sup}</span> 
     </span>
    </p>
   </div>
   <div class='ocr_carea' id='block_1_6' title="bbox 911 4056 1175 4155">
    <p class='ocr_par' dir='ltr' id='par_1_6' title="bbox 911 4056 1175 4155">
     <span class='ocr_line' id='line_1_36' title="bbox 911 4056 1175 4155; baseline -0.011 -36"><span class='ocrx_word' id='word_1_206' title='bbox 911 4075 956 4121; x_wconf 74' lang='grc' dir='ltr'>ι,</span> <span class='ocrx_word' id='word_1_207' title='bbox 1003 4056 1175 4155; x_wconf 51' lang='grc' dir='ltr'>μω</span> 
     </span>
    </p>
   </div>
   <div class='ocr_carea' id='block_1_7' title="bbox 0 0 1306 4702">
    <p class='ocr_par' dir='ltr' id='par_1_7' title="bbox 0 0 1306 4702">
     <span class='ocr_line' id='line_1_37' title="bbox 0 0 1306 4702; baseline 0 2"><span class='ocrx_word' id='word_1_208' title='bbox 0 0 1306 4702; x_wconf 95' lang='lat' dir='ltr'> </span> 
     </span>
    </p>
   </div>
  </div>
 </body>
</html>
