2588 4702
404 201 637 280 CURATIO
672 204 877 284 VARIA.·
1089 224 1157 295 151

104 385 205 474 beili,
232 381 339 457 cordi
364 381 554 474 destinati,
582 383 734 474 inertia,
758 384 855 458 unde
873 386 930 458 vis
946 385 1066 459 cordis
1088 386 1160 460 erit

99 485 257 558 debilior
288 481 334 554 ad
366 482 571 579 sanguinem
604 481 641 555 in
677 485 827 558 arterias
857 481 1157 579 propellendum,

99 601 296 673 earumque
318 579 461 671 minor,
487 581 525 655 in
546 580 643 652 suum
658 593 876 656 contentum
903 581 1075 669 fluidum,
1098 602 1158 654 re·

99 679 214 768 attio,
253 678 386 751 eodem
419 690 611 772 tempore,
646 679 728 751 dum
755 700 821 754 cor
850 680 908 763 est,
929 681 967 753 in
993 677 1155 754 diastole.

99 778 192 852 Hinc
215 774 335 870 frigus
352 787 601 849 extremorum
618 777 804 869 corporis,
829 779 936 852 facile
966 775 1070 850 venit
1096 797 1158 848 ex·

99 873 316 971 piicandum.
370 870 425 946 Ut
451 872 601 947 tandem
634 875 881 966 colophonem
913 875 998 949 huic
1028 873 1158 948 addam

99 971 466 1063 macomadiensem
495 984 637 1044 tantum
665 971 805 1046 adferre
833 974 945 1046 liceat
969 997 1041 1047 non
1057 977 1157 1045 nuni·

100 1078 166 1159 stit,
192 1090 294 1162 qua,
319 1068 445 1163 spasmi
465 1069 501 1143 bi
520 1068 667 1142 fabriles
690 1090 711 1142 a
731 1071 883 1145 materia
908 1068 1058 1164 quadam
1081 1068 1158 1142 acri
1281 1120 1288 1133 ι

105 1167 349 1258 dimicante,
373 1167 418 1240 ad
438 1179 559 1240 certas
578 1167 743 1258 corporis
761 1185 883 1260 partes
907 1168 1071 1255 devecta,
1093 1189 1157 1260 pa·

101 1264 354 1360 ruxysmorum
391 1285 485 1339 vero
523 1285 595 1359 ope
637 1264 863 1358 pedetentim
908 1264 1154 1356 diminuenda,

99 1374 285 1459 emergare
313 1360 515 1438 censentur.
572 1362 698 1455 thue
721 1365 834 1438 robur
858 1365 944 1439 huic
968 1361 1155 1438 assertioni

99 1462 269 1552 accedat,
303 1460 348 1534 ad
372 1458 576 1534 metastases
590 1479 831 1553 1provocatur
864 1462 1037 1551 fabriles,
1074 1457 1156 1553 post

99 1575 331 1653 quartanam,
363 1559 529 1650 illamque
562 1557 700 1632 febrem
721 1560 1056 1648 inmittentem,
1087 1577 1156 1650 qua

99 1657 262 1737 infantes
288 1657 402 1752 prima
427 1657 511 1729 vice
537 1653 762 1748 afficiuntur,
797 1659 912 1735 enasci
944 1655 1153 1745 consuetas,

99 1777 194 1848 que,
228 1754 398 1849 quamdiu
418 1756 505 1828 loco
521 1771 738 1848 permanent
765 1759 851 1850 suo,
881 1781 901 1833 a
925 1756 1028 1830 febre
1051 1773 1155 1848 pror·

99 1852 149 1929 fiis
179 1852 370 1943 liberare,
408 1851 479 1926 iliis
513 1873 605 1926 vero
639 1857 984 1948 retrocedentibus,
1010 1849 1155 1929 debrius

99 1949 230 2028 iterum
256 1972 282 2027 e
304 1971 411 2027 novo
435 1949 617 2040 excitare,
642 1952 784 2029 valent.

549 2163 585 2255 §.
633 2156 703 2235 IV.

188 2308 479 2387 Nominatamm
509 2309 552 2386 sae
578 2335 599 2385 e
630 2309 786 2385 febrium
817 2309 969 2408 originis
999 2307 1156 2404 cuipam,

101 2430 165 2486 nec
185 2408 318 2483 desunt
339 2410 398 2504 qui
417 2410 455 2484 in
473 2333 641 2499 HEssAR
663 2408 832 2483 conferre
854 2409 999 2484 student
1014 2403 1156 2482 Medici

99 2506 331 2603 Scriptores,
356 2528 508 2601 quorum
530 2505 700 2604 precipui
726 2507 813 2581 mihi
841 2529 937 2582 nunc
961 2506 1155 2582 nominan-

102 2605 307 2685 diveuiunt
328 2605 426 2679 inter
450 2605 698 2694 recentiores,
725 2605 898 2679 MADAI
918 2606 953 2680 dc
974 2599 1152 2705 SENAC.

101 2702 221 2794 Ave,
246 2701 286 2777 in
306 2701 554 2799 stegnatione,
582 2702 920 2779 coacervatione&
939 2715 1164 2798 congruma·.

103 2800 201 2877 tione
234 2798 427 2895 rpiffiorum
451 2800 489 2876 in
513 2802 646 2895 hepate
669 2799 886 2893 humorum,
913 2797 1065 2875 caudam
1085 2817 1155 2894 po·

106 2898 154 2973 uit
177 2896 402 2980 materialem
428 2896 496 2988 z);
525 2903 608 2974 aiter
636 2895 675 2972 in
703 2898 776 2993 ipsa
807 2899 881 2973 bile
907 2900 1054 2992 eiusque
1079 2894 1153 2970 viis

106 2994 309 3089 omneis,
341 2995 492 3072 eandem
513 2997 641 3092 quaerit
658 2990 712 3085 a).
762 2995 818 3071 Ex
837 2997 964 3071 colore
986 2992 1153 3093 corporis

108 3090 284 3185 subflavo,
314 3094 477 3190 inprimis
506 3116 597 3169 vero
624 3093 758 3168 tunicae
790 3095 982 3169 oculorum
1013 3088 1153 3165 adnatae

113 3187 287 3282 maciei,
312 3204 421 3286 atque
448 3191 681 3273 induratione
703 3188 878 3287 jecinoris
905 3189 1032 3280 iniis,
1059 3202 1153 3281 quos

112 3285 163 3363 diu
186 3289 380 3364 vexaverit
409 3288 521 3364 febris
549 3289 827 3382 intermittens,
864 3290 909 3366 de
936 3287 1033 3362 vitio
1062 3306 1154 3379 quo·

115 3383 181 3483 dam
203 3388 242 3462 in
263 3386 338 3463 hoc
361 3385 499 3463 viscere
517 3388 679 3476 latente,
705 3387 811 3462 facile
824 3388 932 3465 nobis
958 3383 1048 3461 erret
1063 3404 1154 3459 con·

116 3481 266 3579 cipienda
297 3481 474 3581 suspicio,
510 3484 549 3560 ni
578 3484 763 3658 obfirment
793 3487 978 3587 rationes,
1010 3478 1055 3655 dle
1083 3482 1160 3594 hac

673 3604 699 3674 4
1008 3593 1025 3654 t
1053 3601 1155 3655 eona

148 3824 176 3900 ²)
195 3847 226 3905 v·
239 3834 291 3903 69·
314 3847 383 3901 190·
408 3837 475 3906 ¹98.
1217 3792 1225 3809 ’

147 3929 179 4008 a)
199 3936 236 3995 de
257 3936 382 3998 recond.
411 3936 486 4005 febr.
509 3953 568 4002 usa
591 3937 625 4004 t.
637 3935 662 4002 1.
685 3933 793 4002 cdii.
835 3934 904 3997 Huc
933 3929 1153 3999 etiamtreferss

205 4013 367 4117 Cdeghora,
386 4016 512 4092 observ,
532 4035 573 4083 ou
587 4017 677 4097 upra.
692 4017 746 4095 dis,
760 4013 793 4084 iu
803 4016 944 4110 Μυκη
967 4033 997 4093 1³.
1010 4028 1079 4127 ¹²⁴?
