2602 4702
158 102 188 155 lt

491 138 815 287 ''sconnutus
997 205 1002 219 ⁴
1110 231 1190 310 313

127 410 212 488 tur,
239 412 306 492 per
324 391 462 486 aliquot
476 391 587 467 horas
614 387 710 465 tesia
726 376 958 481 reponuntur
974 393 1017 463 ac
1043 387 1196 469 demunt·

126 500 313 573 colantur.
373 491 490 586 Hujus
514 491 620 564 infun
645 487 748 561 malti
775 485 853 558 duae
878 486 977 560 libra
1002 508 1080 563 non
1108 501 1192 566 tan·

124 608 211 669 tum
243 591 428 666 Scorbuto
467 588 747 676 laborantibus,
787 606 918 659 verum
954 586 1065 660 etiam
1097 587 1190 688 sanis

129 690 300 788 quotidie
328 688 412 760 dare
435 688 562 780 jubet3
591 685 650 759 sed
672 704 819 775 aparva
843 682 918 758 dosr
944 683 987 755 ad
1012 688 1191 779 majorem

128 788 351 865 adscendere
381 799 545 879 oportet.
607 783 744 856 Aluum
769 793 923 870 movet,
952 781 1009 874 δι,
1039 798 1191 878 propter

127 887 299 963 blandam
336 884 443 974 vim,
480 885 554 958 hoc
587 878 792 956 remedium
824 879 956 955 ceteris
996 883 1189 977 omnibus,

105 987 244 1061 etiam
271 983 539 1079 vegetabilibus
562 979 795 1066 recentibus,
826 977 950 1052 audior
981 982 1189 1074 anteponit.

129 1085 188 1159 Ut
223 1103 315 1154 vero
346 1078 678 1154 excellentiffimum
704 1077 778 1150 hoc
805 1076 999 1177 &generi
1028 1078 1190 1155 humano
1284 1098 1290 1103 ·

128 1179 355 1275 utiliffimum
371 1177 559 1252 subsidium
587 1175 812 1270 experientia
834 1196 980 1268 quoque
997 1175 1193 1252 confirme-

128 1301 244 1366 mus,
281 1278 493 1371 particulam
529 1270 754 1351 Litterarum
787 1271 884 1351 Ciar,
914 1274 1072 1366 Forstar,
1104 1296 1191 1369 quas

128 1376 328 1455 nobiscum
353 1376 624 1450 communicare
656 1372 783 1446 Illustr.
809 1371 856 1441 D.
875 1373 1002 1466 Praeses
1021 1372 1191 1469 dignatus

128 1475 206 1566 cst,
231 1474 313 1548 heic
338 1473 476 1546 adferre
490 1473 598 1547 'iubet
622 1467 681 1558 a).
732 1469 897 1543 Tantum
924 1482 1045 1549 autem
1073 1473 1193 1556 valuit

128 1575 207 1650 hoc
238 1570 404 1668 potionis
434 1592 547 1666 genus
580 1570 619 1651 in
651 1569 816 1658 Itinere,
856 1567 1030 1657 quod.ad
1055 1567 1192 1646 Terras

130 1669 303 1747 australes
332 1669 540 1766 incognitas
568 1667 724 1838 instiffirit
755 1665 810 1743 Cl.
842 1666 993 1765 sioalira,
1026 1682 1095 1758 ut,
1129 1692 1194 1765 per

713 1786 735 1857 ς
1080 1769 1194 1846 trien·
1235 1822 1236 1826 η

972 1906 1196 1928 m

113 1994 125 2005 ’
172 2005 212 2084 u)
237 2007 303 2067 Dat.
323 2006 352 2064 d.
374 2025 406 2084 4.
421 2003 491 2069 Cal.
514 2000 591 2079 nug.
619 2016 711 2090 1775.
763 2005 839 2065 Cum
870 2024 1082 2086 nonnunquam
1117 2011 1196 2073 uitta

234 2089 341 2164 viginti
356 2085 557 2146 hebdomadas
576 2088 606 2146 in
623 2088 696 2167 mari
712 2090 819 2160 procul
837 2102 915 2149 terra
930 2106 1117 2166 vagarentus,
1135 2109 1194 2154 nec

237 2170 399 2247 quidquam
421 2169 499 2227 aliud
522 2165 572 2226 nist
597 2183 700 2229 earnes
723 2168 806 2242 salsas
831 2172 1074 2247 comederemus,
1096 2191 1196 2248 neque

237 2264 337 2311 nautae
363 2263 496 2322 tempore
520 2249 627 2321 pluvio
651 2248 680 2314 dr
704 2251 831 2310 ventoso
858 2269 911 2324 per
934 2256 1103 2328 complures
1129 2256 1193 2317 dier

240 2333 331 2395 vestes
353 2345 467 2394 mutare
483 2330 634 2390 madentes
647 2329 779 2404 possent,
800 2347 896 2392 tamen
910 2337 962 2395 vix
975 2351 1052 2396 unus
1070 2335 1099 2396 dr
1120 2339 1196 2399 alter

216 2413 389 2473 'Storbuto
419 2412 589 2483 laboravit3
630 2413 712 2488 quod
745 2415 833 2473 unice
860 2411 1084 2479 adscribendum
1111 2418 1195 2494 quod
1275 2451 1279 2460 ·

238 2496 335 2555 nautis
355 2510 412 2553 una
436 2509 501 2552 cum
521 2508 631 2567 carne,
649 2494 782 2554 Brafficae
808 2497 954 2557 oleraceae
974 2501 1113 2573 capitatae
1136 2499 1197 2559 fer·

238 2587 377 2635 mentatae
396 2577 497 2648 portio
520 2575 740 2636 distribueretur
762 2594 817 2650 pro
839 2580 930 2652 cib03
960 2578 1067 2638 deinde
1087 2580 1105 2638 sr
1127 2584 1195 2656 quis

236 2658 433 2733 symptomata
456 2657 633 2715 Scorbutica
654 2655 683 2716 dr
703 2658 865 2732 ingruentis
885 2657 963 2736 figna
988 2661 1085 2720 morbi
1104 2661 1197 2720 habe-

237 2750 304 2810 ret,
332 2738 414 2796 illico
438 2738 464 2797 ei
484 2738 619 2811 quotidie
645 2737 770 2797 iniusum
798 2739 909 2812 Malti,
939 2741 1019 2800 unde
1048 2740 1197 2803 Cerevisra

239 2819 302 2878 fieri
327 2819 424 2890 solet,
448 2833 551 2886 recens
576 2820 808 2890 propinabatur3
828 2819 858 2880 dt
879 2822 899 2880 st
918 2820 977 2896 jam
996 2826 1118 2882 morbus
1139 2825 1197 2882 ob-

130 2959 135 2969 ,
238 2901 359 2960 stinatur
374 2914 549 2975 quemquam
566 2898 723 2972 invaserit,
742 2916 838 2975 usque
854 2903 890 2960 ad
904 2920 923 2981 4
938 2903 987 2960 rei
1005 2922 1022 2981 ς
1039 2905 1127 2963 libras
1142 2921 1198 2978 per

241 2981 304 3039 dies
330 2982 355 3040 ei
377 2982 618 3055 porrigebamus,
641 2979 690 3051 dr,
718 2982 822 3040 mirum
845 2982 946 3054 riou,
967 2984 1031 3042 vidi
1059 2984 1196 3046 homines

238 3061 340 3122 misere
373 3060 493 3120 affertos
525 3063 697 3131 Scorbmn,
725 3063 811 3138 brevi
844 3061 938 3136 spatio
967 3064 1198 3141 convalescere,

240 3159 330 3218 quum
354 3145 465 3202 nulium
491 3144 579 3201 alium
603 3157 712 3216 praetet
734 3141 859 3203 insui'um
882 3145 969 3204 Malti
996 3146 1055 3205 iliis
1077 3146 1197 3210 daretur

238 3225 411 3283 remedium.
463 3224 526 3301 Jarn
552 3240 626 3284 vero
652 3239 717 3284 mea
744 3225 863 3300 quidem
888 3226 1030 3286 sententia
1051 3225 1081 3287 δι
1105 3243 1197 3302 expe·

237 3307 342 3366 rientia
362 3306 452 3375 teste,
474 3304 596 3364 Braffica
621 3304 795 3365 fermentata
822 3323 875 3378 per
895 3309 1052 3367 triennium
1075 3307 1106 3369 tie
1127 3311 1196 3382 pius

239 3404 327 3460 quant
350 3402 459 3444 novem
488 3386 599 3444 menses
623 3389 736 3458 optime
755 3388 929 3448 conservata
946 3389 1022 3461 fuit,
1053 3380 1196 3450 &bodie

241 3484 306 3526 cunr
333 3467 399 3526 haee
419 3467 535 3540 scribo,
557 3466 644 3541 hujus
662 3469 845 3528 fermentatae
861 3469 973 3544 aliquid
989 3486 1045 3542 pro
1068 3471 1196 3543 prandio

240 3550 358 3608 comedi
373 3565 438 3607 cum
461 3550 525 3608 aliis
544 3550 637 3620 cibis,
656 3551 746 3624 idque
768 3564 830 3609 etat
846 3552 951 3623 optimi
968 3549 997 3609 dr
1017 3553 1091 3625 grati
1107 3551 1198 3627 sapo-

237 3632 297 3700 ris,
318 3630 392 3688 adeo
419 3631 649 3701 incorruptum,
671 3631 920 3706 quemadmodum
940 3632 976 3691 id*
992 3631 1050 3690 fuit
1073 3648 1140 3691 cum
1164 3635 1197 3694 in

239 3727 345 3770 navem
379 3713 504 3780 primum
532 3714 742 3784 imponeretur.
800 3713 928 3771 Maitum
956 3728 1009 3785 per
1038 3714 1198 3774 triennium

239 3793 352 3863 optime
370 3793 399 3850 in
423 3793 511 3851 doliis
526 3790 728 3863 servavimus,
752 3806 781 3851 at
798 3795 887 3852 tertio
909 3809 986 3852 anno
1009 3809 1077 3866 para
1097 3794 1197 3868 aliqua

156 3879 160 3882 ’
215 3929 218 3933 ,
238 3889 361 3932 mucore
382 3885 522 3944 corrupta
544 3887 615 3937 etat.
658 3874 790 3934 iiraffrcae
805 3875 989 3941 fermentatae
1006 3876 1048 3943 60
1066 3873 1147 3934 dolia
1163 3877 1196 3936 in
1221 3912 1227 3921 ·

237 3969 342 4014 navem
365 3953 446 4013 fuere
465 3953 612 4028 imposita,
630 3953 661 4018 de
676 3957 764 4018 Maiti
777 3967 891 4017 tantum
911 3955 1065 4027 undecim,
1088 3970 1194 4018 verum

236 4036 362 4097 maxime
389 4037 535 4110 tarracia.x
1211 4056 1223 4088 t
