2602 4702
23 137 27 145 ¹
119 208 146 287 r
342 191 762 285 uuuouaunom
798 134 995 332 oratu,
1078 320 1080 327 Ι

555 379 588 488 q.
646 376 731 464 xit

220 539 328 639 Quot
359 539 556 634 opiniones
583 542 792 639 Phpfiologi
827 540 925 616 circa
958 545 1182 631 conceptum

107 638 286 726 iovent,
312 658 389 715 non
414 639 486 713 mei
514 640 566 714 est
584 640 750 725 ‚instituti
770 638 852 715 heic
879 656 1112 724 enumerare3
1128 642 1183 706 'ac

123 748 207 818 non
231 749 373 811 tautum
400 736 505 810 labor
525 737 686 815 humeris
703 739 794 814 meis
819 758 896 812 non
914 732 1084 809 serendus
1114 728 1181 820 est,

121 831 186 915 sed
215 833 325 908 etiam
356 833 434 909 fere
471 835 631 926 inutilis,
664 837 846 926 enodare,
874 833 975 927 qu'us
1003 828 1184 905 sententia

122 931 318 1015 maximam
339 932 473 1006 babeat
490 934 644 1027 speciem
663 935 766 1023 veti3
794 928 943 1023 iltfficit,
971 950 1054 1004 cum
1075 924 1184 1002 certi·

124 1030 258 1112 tudine
276 1029 445 1104 concludi
462 1031 583 1126 potia,
612 1030 725 1108 ovum
741 1032 917 1128 spermate
938 1026 1034 1101 virili
1057 1025 1184 1098 fecun-

125 1127 252 1204 datum
274 1125 310 1201 'a
330 1126 368 1202 in
382 1141 527 1204 uterum
549 1129 748 1225 adituum,
774 1126 908 1205 ibidem
931 1124 969 1201 in
1000 1121 1184 1198 ambiente

124 1224 286 1309 humore
311 1225 433 1301 fotum
461 1226 632 1302 emittere
657 1228 862 1302 rudimenta
885 1227 1083 1321 placente,
1108 1240 1186 1313 que

124 1323 338 1419 plerumque
368 1323 402 1396 dt
423 1325 566 1421 quidem
585 1318 799 1402 naturaliter
818 1325 853 1399 sc
867 1320 1029 1418 adfigunt
1047 1315 1188 1394 craffio·

126 1421 161 1503 ti
189 1423 302 1519 parti,
330 1421 468 1501 scilicet
496 1425 633 1515 fundo,
662 1423 781 1514 uteri,
807 1423 866 1500 sed
891 1442 967 1502 non
994 1430 1069 1495 tam
1098 1435 1188 1490 con·

126 1517 285 1610 stanter,
316 1518 402 1614 quin
430 1520 560 1614 poffint
593 1523 704 1598 etiam
731 1521 904 1598 lateribus
920 1530 951 1610 ,·
967 1518 1043 1592 imo
1075 1510 1190 1589 etiam

127 1615 276 1697 orificio
302 1618 399 1691 uteri
432 1619 570 1693 adnasci
591 1614 646 1714 d).
697 1619 860 1694 Ovulum
883 1619 1020 1705 hocce,
1051 1614 1089 1690 in
1115 1631 1189 1706 quo

109 1713 340 1797 ·rudimenta
363 1714 461 1791 setus
484 1717 608 1810 jacent
637 1717 848 1806 recondita,
873 1715 1013 1809 semper
1036 1725 1191 1808 augetur

130 1807 169 1889 dt
192 1811 342 1905 crescit,
368 1826 432 1903 ut,
461 1815 558 1909 quod
580 1813 704 1911 prinis
727 1815 932 1912 septimanis
955 1813 1018 1889 vix
1039 1812 1209 1911 granum

42 1959 47 1987 r
129 1910 324 2004 equabat,
361 1910 494 1988 ultimo
535 1912 763 2007 graviditatis
797 1911 1023 2009 menstra,
1069 1904 1194 1983 forsan

131 2007 246 2085 etiam
272 2008 425 2102 plurium
451 2011 496 2086 srt
518 2011 686 2085 librarum
708 2004 766 2105 r),
793 2024 901 2108 atque
917 2029 985 2107 pro
1008 2004 1189 2103 magnitu-

131 2103 219 2185 dine
239 2105 339 2183 fatur
363 2107 396 2180 dt
424 2109 846 2205 multitudine-aquarum
872 2107 1094 2205 io‘magnum
1131 2124 1195 2175 ex-

131 2203 309 2281 tendatur
326 2204 515 2279 volumen.
565 2205 757 2292 Placenta,
786 2229 861 2300 quae
879 2205 988 2279 initio
1016 2198 1194 2281 nonfuit

114 2301 202 2383 ¹uisi
233 2299 457 2376 filamentutn
495 2301 673 2394 quoddam
705 2303 989 2396 subtilissimum,
1027 2295 1196 2375 excrevit

133 2398 268 2476 ultimo
298 2411 469 2493 tompore
492 2401 530 2474 in
552 2422 607 2475 ma
636 2422 720 2475 num
747 2402 945 2477 rotundum
976 2399 1117 2485 viscus,
1143 2396 1196 2469 la·

134 2493 307 2573 titudinis
326 2494 463 2573 dimidii
482 2496 584 2594 pedis
603 2422 637 2571 ἓ
656 2501 772 2591 ultra,
799 2496 834 2574 dt
857 2497 1020 2572 craffitiei
1039 2496 1117 2589 plus
1136 2490 1198 2568 sae·

136 2612 186 2703 pe
216 2612 324 2695 quatu
354 2595 484 2701 uncie?
545 2595 633 2674 Hoc
663 2595 781 2674 viscus
810 2596 904 2674 vasis
936 2591 1197 2672 tantummodo

1106 2711 1196 2765 con·

182 2984 224 3075 d)
240 2986 408 3050 alnennn
424 3004 486 3049 non
502 2987 553 3049 nifi
566 2989 662 3050 fundo
680 2989 755 3049 uteri
775 2984 891 3047 adnasci
905 2982 1060 3044 contendit
1077 2979 1201 3041 Decen-

202 3087 205 3097 '
242 3077 311 3143 ter,
332 3072 480 3143 imputent
501 3072 672 3147 obliquitati
697 3071 792 3140 uteri,
814 3067 832 3125 sr
855 3080 957 3126 manua
984 3062 1202 3125 obteniaanrtr

242 3152 410 3229 placentam
434 3152 470 3209 ab
494 3166 580 3211 utero
602 3151 667 3224 post
681 3165 794 3222 partum
816 3147 967 3214 solutura.
987 3145 1066 3206 illem
1087 3158 1149 3201 non
1170 3145 1219 3209 itt¹

243 3230 341 3293 fundo
359 3231 408 3294 sed
425 3231 461 3290 ad
482 3230 558 3292 larue
576 3231 725 3306 quoddam
740 3229 897 3291 invenerit.
940 3225 1127 3286 Contrarium
1148 3239 1203 3283 ve·

246 3327 303 3384 ro,
324 3309 354 3373 dt
374 3311 492 3388 quidem
509 3312 625 3376 veritati
643 3310 823 3379 consonum,
847 3308 1107 3380 experientiaque,
1127 3306 1206 3370 tnui·

245 3393 336 3455 etalii
355 3391 596 3453 demonstrarunt.
639 3393 729 3463 ipsam
750 3409 823 3455 vero
843 3388 894 3460 ipsi
916 3385 1031 3447 orificio
1053 3386 1127 3444 tueri
1150 3385 1205 3443 ad·

246 3470 327 3536 nesci
352 3474 429 3532 inter
450 3472 583 3532 nudiores
612 3474 680 3532 artie
705 3473 901 3539 obstetricia,
931 3483 1056 3544 quorum
1086 3466 1205 3526 laboret

248 3551 345 3617 adhuc
369 3553 480 3626 publici
503 3551 576 3626 juria
602 3553 669 3614 faoi
692 3553 777 3622 sunt,
807 3554 911 3612 unicus
941 3551 981 3609 est
1009 3547 1117 3607 Noster
1146 3562 1206 3606 von

247 3632 370 3704 Horae,
400 3635 450 3706 qui
480 3635 599 3707 propria
621 3635 801 3706 experientia
826 3631 948 3707 edatius
972 3629 1097 3698 adierit,
1119 3625 1205 3700 cujus

247 3713 441 3774 adsertionem
471 3715 612 3775 celeberr.
646 3714 705 3776 Dn.
732 3711 840 3771 Drilor
863 3710 972 3782 sried,
1001 3708 1148 3769 Prodicus
1176 3706 1208 3770 dt

247 3793 448 3855 obstetricans
467 3792 718 3868 Argentlnensrunr
742 3794 938 3864 felicissimus.
958 3793 988 3852 in
1007 3790 1208 3866 praelectioni-

245 3875 304 3937 but
324 3875 382 3937 suia
402 3875 476 3941 dixit
496 3873 525 3936 se
544 3875 684 3936 invenisse
705 3892 816 3940 verant.

130 4000 219 4085 A)
239 4004 460 4105 Mmoingbam.
484 3972 742 4088 Compendi-idtio
763 4005 884 4071 obstetr.
904 4022 937 4085 p.
958 4019 999 4068 m.
1021 4016 1071 4084 55.
